@article{zhu2019nonparametric,
  title={Nonparametric expression analysis using inferential replicate counts},
  author={Zhu, Anqi and Srivastava, Avi and Ibrahim, Joseph G and Patro, Rob and Love, Michael I},
  journal={Nucleic Acids Research},
  volume={47},
  number={18},
  pages={e105--e105},
  year={2019},
  publisher={Oxford University Press}
}

@article{efron1979computers,
  title={Computers and the theory of statistics: thinking the unthinkable},
  author={Efron, Bradley},
  journal={SIAM review},
  volume={21},
  number={4},
  pages={460--480},
  year={1979},
  publisher={SIAM}
}

@article{rubin1981bayesian,
  title={The bayesian bootstrap},
  author={Rubin, Donald B},
  journal={The annals of statistics},
  pages={130--134},
  year={1981},
  publisher={JSTOR}
}

@article{xiong2016probabilistic,
  title={Probabilistic estimation of short sequence expression using RNA-Seq data and the “positional bootstrap”},
  author={Xiong, Hui Y and Lee, Leo J and Bretschneider, Hannes and Gao, Jiexin and Jojic, Nebojsa and Frey, Brendan J},
  journal={bioRxiv},
  pages={046474},
  year={2016},
  publisher={Cold Spring Harbor Laboratory}
}


@inproceedings{xin2013accelerating,
  title={Accelerating read mapping with FastHASH},
  author={Xin, Hongyi and Lee, Donghyuk and Hormozdiari, Farhad and Yedkar, Samihan and Mutlu, Onur and Alkan, Can},
  booktitle={BMC genomics},
  volume={14},
  number={S1},
  pages={S13},
  year={2013},
  organization={Springer}
}

@article{Manber:1993:Suffix,
  title={Suffix arrays: a new method for on-line string searches},
  author={Manber, Udi and Myers, Gene},
  journal={siam Journal on Computing},
  volume={22},
  number={5},
  pages={935--948},
  year={1993},
  publisher={SIAM}
}

@inproceedings{ju2017fleximer,
  title={Fleximer: Accurate quantification of RNA-Seq via variable-length k-mers},
  author={Ju, Chelsea J-T and Li, Ruirui and Wu, Zhengliang and Jiang, Jyun-Yu and Yang, Zhao and Wang, Wei},
  booktitle={Proceedings of the 8th ACM International Conference on Bioinformatics, Computational Biology, and Health Informatics},
  pages={263--272},
  year={2017}
}

@article{shen2014rmats,
  title={{rMATS: robust and flexible detection of differential alternative splicing from replicate RNA-Seq data}},
  author={Shen, Shihao and Park, Juw Won and Lu, Zhi-xiang and Lin, Lan and Henry, Michael D and Wu, Ying Nian and Zhou, Qing and Xing, Yi},
  journal={{Proceedings of the National Academy of Sciences}},
  volume={111},
  number={51},
  pages={E5593--E5601},
  year={2014},
  publisher={National Acad Sciences}
}

@article{zhang2014rna,
  title={{RNA-Skim: a rapid method for RNA-Seq quantification at transcript level}},
  author={Zhang, Zhaojun and Wang, Wei},
  journal={Bioinformatics},
  volume={30},
  number={12},
  pages={i283--i292},
  year={2014},
  publisher={Oxford Univ Press}
}

@article{axtell2014butter,
  title={{Butter: High-precision genomic alignment of small RNA-seq data}},
  author={Axtell, Michael J},
  journal={{bioRxiv}},
  pages={007427},
  year={2014},
  publisher={Cold Spring Harbor Labs Journals}
}

@article{vaquero2016new,
  title={{A new view of transcriptome complexity and regulation through the lens of local splicing variations}},
  author={Vaquero-Garcia, Jorge and Barrera, Alejandro and Gazzara, Matthew R and Gonzalez-Vallinas, Juan and Lahens, Nicholas F and Hogenesch, John B and Lynch, Kristen W and Barash, Yoseph},
  journal={Elife},
  volume={5},
  pages={e11752},
  year={2016},
  publisher={{eLife Sciences Publications Limited}}
}

@misc{xxhash,
  title = {{xxHash} --- {E}xtremely fast hash algorithm},
  author = {Cyan},
  howpublished = {\url{http://cyan4973.github.io/xxHash/}},
  year = {2018},
  note = {Accessed: 2018-04-30}
}


@article{davidson2015jaffa,
  title={{JAFFA: High sensitivity transcriptome-focused fusion gene detection}},
  author={Davidson, Nadia M and Majewski, Ian J and Oshlack, Alicia},
  journal={Genome medicine},
  volume={7},
  number={1},
  pages={43},
  year={2015},
  publisher={{BioMed Central}}
}

@article{wu2010fast,
  title={{Fast and SNP-tolerant detection of complex variants and splicing in short reads}},
  author={Wu, Thomas D and Nacu, Serban},
  journal={Bioinformatics},
  volume={26},
  number={7},
  pages={873--881},
  year={2010},
  publisher={{Oxford Univ Press}}
}
@article{maq,
  title={Mapping short DNA sequencing reads and calling variants using mapping quality scores},
  author={Li, Heng and Ruan, Jue and Durbin, Richard},
  journal={Genome research},
  volume={18},
  number={11},
  pages={1851--1858},
  year={2008},
  publisher={Cold Spring Harbor Lab}
}

@article{zaharia2011faster,
  title={{Faster and more accurate sequence alignment with SNAP}},
  author={Zaharia, Matei and Bolosky, William J and Curtis, Kristal and Fox, Armando and Patterson, David and Shenker, Scott and Stoica, Ion and Karp, Richard M and Sittler, Taylor},
  journal={{arXiv preprint arXiv:1111.5572}},
  year={2011}
}

@article{li2011rsem,
  title={{RSEM: accurate transcript quantification from RNA-Seq data with or without a reference genome}},
  author={Li, Bo and Dewey, Colin N},
  journal={BMC bioinformatics},
  volume={12},
  number={1},
  pages={323},
  year={2011},
  publisher={BioMed Central}
}

@article{palmer2006cell,
  title={Cell-type specific gene expression profiles of leukocytes in human peripheral blood},
  author={Palmer, Chana and Diehn, Maximilian and Alizadeh, Ash A and Brown, Patrick O},
  journal={BMC genomics},
  volume={7},
  number={1},
  pages={115},
  year={2006},
  publisher={BioMed Central}
}

@article{wang2008transcriptome,
  title={Transcriptome-wide identification of novel imprinted genes in neonatal mouse brain},
  author={Wang, Xu and Sun, Qi and McGrath, Sean D and Mardis, Elaine R and Soloway, Paul D and Clark, Andrew G},
  journal={PloS one},
  volume={3},
  number={12},
  pages={e3839},
  year={2008},
  publisher={Public Library of Science}
}

@article{wang2008alternative,
  title={Alternative isoform regulation in human tissue transcriptomes},
  author={Wang, Eric T and Sandberg, Rickard and Luo, Shujun and Khrebtukova, Irina and Zhang, Lu and Mayr, Christine and Kingsmore, Stephen F and Schroth, Gary P and Burge, Christopher B},
  journal={Nature},
  volume={456},
  number={7221},
  pages={470--476},
  year={2008},
  publisher={Nature Publishing Group}
}

@article{weese2012razers,
  title={{RazerS 3: faster, fully sensitive read mapping}},
  author={Weese, David and Holtgrewe, Manuel and Reinert, Knut},
  journal={Bioinformatics},
  volume={28},
  number={20},
  pages={2592--2599},
  year={2012},
  publisher={Oxford Univ Press}
}

@article{siragusa2013fast,
  title={{Fast and accurate read mapping with approximate seeds and multiple backtracking}},
  author={Siragusa, Enrico and Weese, David and Reinert, Knut},
  journal={Nucleic acids research},
  volume={41},
  number={7},
  pages={e78--e78},
  year={2013},
  publisher={Oxford Univ Press}
}

@article{smith1981identification,
  title={Identification of common molecular subsequences},
  author={Smith, Temple F and Waterman, Michael S},
  journal={Journal of molecular biology},
  volume={147},
  number={1},
  pages={195--197},
  year={1981},
  publisher={Elsevier}
}

@inproceedings{ferragina2000opportunistic,
  title={Opportunistic data structures with applications},
  author={Ferragina, Paolo and Manzini, Giovanni},
  booktitle={Foundations of Computer Science, 2000. Proceedings. 41st Annual Symposium on},
  pages={390--398},
  year={2000},
  organization={IEEE}
}

@article{bowtie,
  title={{Ultrafast and memory-efficient alignment of short DNA sequences to the human genome}},
  author={Langmead, Ben and Trapnell, Cole and Pop, Mihai and Salzberg, Steven L and others},
  journal={Genome Biology},
  volume={10},
  number={3},
  pages={R25},
  year={2009}
}

@misc{bwamem,
  title={Aligning sequence reads, clone sequences and assembly contigs with BWA-MEM},
  author={Li, Heng},
  journal={arXiv preprint arXiv:1303.3997},
  year={2013}
}

@article{Schaeffer2017,
  year  = {2017},
  month = {{Feb}},
  doi = {https://doi.org/10.1093/bioinformatics/btx106},
  publisher = {Oxford University Press ({OUP})},
  author = {L. Schaeffer and H. Pimentel and N. Bray and P. Melsted and L. Pachter},
  title = {{Pseudoalignment for metagenomic read assignment}},
  journal = {Bioinformatics}
}

@article{ismb2017factorization,
  title={{Improved data-driven likelihood factorizations for transcript abundance estimation}},
  author={Zakeri, Mohsen and Srivastava, Avi and Almodaresi, Fatemeh and Patro, Rob},
  journal={Bioinformatics},
  note={(Proceedings of ISMB 2017, in press)},
  year={2017},
  publisher={Oxford Univ Press}
}

@article{myers1999fast,
  title={A fast bit-vector algorithm for approximate string matching based on dynamic programming},
  author={Myers, Gene},
  journal={Journal of the ACM (JACM)},
  volume={46},
  number={3},
  pages={395--415},
  year={1999},
  publisher={ACM}
}

@article{nicorici2014fusioncatcher,
  title={{FusionCatcher-a tool for finding somatic fusion genes in paired-end RNA-sequencing data}},
  author={Nicorici, Daniel and Satalan, Mihaela and Edgren, Henrik and Kangaspeska, Sara and Murumagi, Astrid and Kallioniemi, Olli and Virtanen, Sami and Kilkku, Olavi},
  journal={{bioRxiv}},
  pages={011650},
  year={2014},
  publisher={{Cold Spring Harbor Labs Journals}}
}
@article{seqc2014comprehensive,
  title={A comprehensive assessment of RNA-seq accuracy, reproducibility and information content by the Sequencing Quality Control Consortium},
  author={Seqc/Maqc-Iii Consortium and others},
  journal={Nature biotechnology},
  volume={32},
  number={9},
  pages={903--914},
  year={2014},
  publisher={Nature Research}
}

@article{Turro2011Haplotype,
  title={{Haplotype and isoform specific expression estimation using multi-mapping RNA-seq reads}},
  author={Turro, Ernest and Su, Shu-Yi and Gon{\c{c}}alves, {\^A}ngela and Coin, Lachlan JM and Richardson, Sylvia and Lewin, Alex},
  journal={{Genome Biology}},
  volume={12},
  number={2},
  pages={1},
  year={2011},
  publisher={BioMed Central}
}

@article{bitseq,
  title={{Identifying differentially expressed transcripts from RNA-seq data with biological variation}},
  author={Glaus, Peter and Honkela, Antti and Rattray, Magnus},
  journal={Bioinformatics},
  volume={28},
  number={13},
  pages={1721--1728},
  year={2012},
  publisher={{Oxford Univ Press}}
}

@article{tigar,
  title={{TIGAR: transcript isoform abundance estimation method with gapped alignment of RNA-Seq data by variational Bayesian inference}},
  author={Nariai, Naoki and Hirose, Osamu and Kojima, Kaname and Nagasaki, Masao},
  journal={Bioinformatics},
  pages={btt381},
  year={2013},
  publisher={{Oxford Univ Press}}
}

@article{Teng2016Benchmark,
  title={{A benchmark for RNA-seq quantification pipelines}},
  author={Teng, Mingxiang and Love, Michael I and Davis, Carrie A and Djebali, Sarah and Dobin, Alexander and Graveley, Brenton R and Li, Sheng and Mason, Christopher E and Olson, Sara and Pervouchine, Dmitri and others},
  journal={Genome biology},
  volume={17},
  number={1},
  pages={1},
  year={2016},
  publisher={BioMed Central}
}

@article{salzman2011statistical,
  title={{Statistical modeling of RNA-Seq data}},
  author={Salzman, Julia and Jiang, Hui and Wong, Wing Hung},
  journal={Statistical science: a review journal of the Institute of Mathematical Statistics},
  volume={26},
  number={1},
  year={2011},
  publisher={NIH Public Access}
}

@article{Srivastava2016RapMap,
  doi = {10.1093/bioinformatics/btw277},
  url = {http://dx.doi.org/10.1093/bioinformatics/btw277},
  year  = {2016},
  publisher = {Oxford University Press ({OUP})},
  volume = {32},
  number = {12},
  pages = {i192--i200},
  author = {Avi Srivastava and Hirak Sarkar and Nitish Gupta and Rob Patro},
  title = {{RapMap}: a rapid,  sensitive and accurate tool for mapping {RNA}-seq reads to transcriptomes},
  journal = {Bioinformatics}
}

@article{frazee2015polyester,
  title={{Polyester: simulating RNA-seq datasets with differential transcript expression}},
  author={Frazee, Alyssa C and Jaffe, Andrew E and Langmead, Ben and Leek, Jeffrey T},
  journal={Bioinformatics},
  volume={31},
  number={17},
  pages={2778--2784},
  year={2015},
  publisher={Oxford Univ Press}
}

@article{Lappalainen2013Transcriptome,
  title={{Transcriptome and genome sequencing uncovers functional variation in humans}},
  author={Lappalainen, Tuuli and Sammeth, Michael and Friedl{\"a}nder, Marc R and A. C. 't Hoen, Peter and Monlong, Jean and Rivas, Manuel A and Gonz{\`a}lez-Porta, Mar and Kurbatova, Natalja and Griebel, Thasso and Ferreira, Pedro G and others},
  journal={Nature},
  volume={501},
  number={7468},
  pages={506--511},
  year={2013},
  publisher={Nature Publishing Group}
}

@article{Nicolae2011Estimation,
  title={{Estimation of alternative splicing isoform frequencies from RNA-Seq data.}},
  author={Nicolae, Marius and Mangul, Serghei and Mandoiu, Ion I and Zelikovsky, Alex},
  journal={Algorithms for Molecular Biology},
  volume={6},
  number={1},
  pages={9},
  year={2011}
}

@article{Pertea2015Stringtie,
  title={{StringTie enables improved reconstruction of a transcriptome from RNA-seq reads}},
  author={Pertea, Mihaela and Pertea, Geo M and Antonescu, Corina M and Chang, Tsung-Cheng and Mendell, Joshua T and Salzberg, Steven L},
  journal={{Nature Biotechnology}},
  volume={33},
  number={3},
  pages={290--295},
  year={2015},
  publisher={Nature Publishing Group}
}

@article{grabherr2011full,
  title={{Full-length transcriptome assembly from RNA-Seq data without a reference genome}},
  author={Grabherr, Manfred G and Haas, Brian J and Yassour, Moran and Levin, Joshua Z and Thompson, Dawn A and Amit, Ido and Adiconis, Xian and Fan, Lin and Raychowdhury, Raktima and Zeng, Qiandong and others},
  journal={{Nature Biotechnology}},
  volume={29},
  number={7},
  pages={644--652},
  year={2011},
  publisher={Nature Publishing Group}
}

@article {reproflows,
  author = {Beaulieu-Jones, Brett K and Greene, Casey S},
  title = {Reproducible Computational Workflows with Continuous Analysis},
  year = {2016},
  doi = {10.1101/056473},
  publisher = {Cold Spring Harbor Labs Journals},
  URL = {http://biorxiv.org/content/early/2016/08/11/056473},
  eprint = {http://biorxiv.org/content/early/2016/08/11/056473.full.pdf},
  journal = {bioRxiv}
}

@misc{homebrewscience,
  doi = {10.7490/f1000research.1112681.1},
  url = {https://doi.org/10.7490/f1000research.1112681.1},
  author = {Shaun Jackman and Inanc Birol},
  publisher = {F1000Research},
  title = {Linuxbrew and Homebrew~for cross-platform package management~},
  year = {2016}
}

@article{nextflow,
author = "Paolo Di Tommaso and Maria Chatzou and Pablo Prieto Baraja and Cedric Notredame",
title = "{A novel tool for highly scalable computational pipelines}",
year = "2014",
month = "12",
url = "https://figshare.com/articles/A_novel_tool_for_highly_scalable_computational_pipelines/1254958",
doi = "10.6084/m9.figshare.1254958.v2"
}

@article{Griebel2012Modelling,
  title={{Modelling and simulating generic RNA-Seq experiments with the flux simulator}},
  author={Griebel, Thasso and Zacher, Benedikt and Ribeca, Paolo and Raineri, Emanuele and Lacroix, Vincent and Guig{\'o}, Roderic and Sammeth, Michael},
  journal={Nucleic Acids Research},
  volume={40},
  number={20},
  pages={10073--10083},
  year={2012},
  publisher={Oxford Univ Press}
}

@article{Cappe2011Online,
  title={{Online expectation-maximisation}},
  author={Capp{\'e}, Olivier},
  journal={Mixtures: Estimation and Applications},
  pages={1--53},
  year={2011},
  publisher={Wiley}
}

@article{Langmead2012Fast,
  title={{Fast gapped-read alignment with Bowtie 2}},
  author={Langmead, Ben and Salzberg, Steven L},
  journal={Nature Methods},
  volume={9},
  number={4},
  pages={357--359},
  year={2012},
  publisher={Nature Publishing Group}
}

@article{Lovell2015Proportionality,
  title={{Proportionality: a valid alternative to correlation for relative data}},
  author={Lovell, David and Pawlowsky-Glahn, Vera and Egozcue, Juan Jos{\'e} and Marguerat, Samuel and B{\"a}hler, J{\"u}rg},
  journal={PLoS Computational Biology},
  volume={11},
  number={3},
  pages={e1004075},
  year={2015},
  publisher={Public Library of Science (PLoS)}
}

@article{Hsieh2015Passcode,
  title={{PASSCoDe: Parallel ASynchronous Stochastic dual Co-ordinate Descent}},
  author={Hsieh, Cho-Jui and Yu, Hsiang-Fu and Dhillon, Inderjit S},
  journal={arXiv preprint arXiv:1504.01365},
  year={2015}
}

@inproceedings{Li2014Cuckoo,
  title={{Algorithmic improvements for fast concurrent cuckoo hashing}},
  author={Li, Xiaozhou and Andersen, David G and Kaminsky, Michael and Freedman, Michael J},
  booktitle={{Proceedings of the Ninth European Conference on Computer Systems}},
  pages={27},
  year={2014},
  organization={ACM}
}

@article{Li2009Fast,
  title={{Fast and accurate short read alignment with Burrows--Wheeler transform}},
  author={Li, Heng and Durbin, Richard},
  journal={Bioinformatics},
  volume={25},
  number={14},
  pages={1754--1760},
  year={2009},
  publisher={Oxford Univ Press}
}

@article{cufflinks,
  title={{Transcript assembly and quantification by RNA-Seq reveals unannotated transcripts and isoform switching during cell differentiation}},
  author={Trapnell, Cole and Williams, Brian A and Pertea, Geo and Mortazavi, Ali and Kwan, Gordon and Van Baren, Marijke J and Salzberg, Steven L and Wold, Barbara J and Pachter, Lior},
  journal={{Nature Biotechnology}},
  volume={28},
  number={5},
  pages={511--515},
  year={2010},
  publisher={{Nature Publishing Group}}
}

@article{Patro2017Salmon,
  doi = {10.1038/nmeth.4197},
  year  = {2017},
  month = {mar},
  publisher = {{Springer Nature}},
  volume = {14},
  number = {4},
  pages = {417--419},
  author = {Rob Patro and Geet Duggal and Michael I Love and Rafael A Irizarry and Carl Kingsford},
  title = {Salmon provides fast and bias-aware quantification of transcript expression},
  journal = {{Nature Methods}}
}

@article{Bray2016Kallisto,
  title={{Near-optimal probabilistic RNA-seq quantification}},
  author={Bray, Nicolas L and Pimentel, Harold and Melsted, P{\'a}ll and Pachter, Lior},
  journal={{Nature Biotechnology}},
  volume={34},
  number={5},
  pages={525--527},
  year={2016},
  publisher={Nature Publishing Group}
}

@article{Li2013Aligning,
  title={{Aligning sequence reads, clone sequences and assembly contigs with BWA-MEM}},
  author={Li, Heng},
  journal={arXiv preprint arXiv:1303.3997},
  year={2013}
}

@article{Li2012Exploring,
  title={{Exploring single-sample SNP and INDEL calling with whole-genome \emph{de novo} assembly}},
  author={Li, Heng},
  journal={Bioinformatics},
  volume={28},
  number={14},
  pages={1838--1844},
  year={2012},
  publisher={Oxford Univ Press}
}

@article{Kim2015Hisat,
  title={{HISAT: a fast spliced aligner with low memory requirements}},
  author={Kim, Daehwan and Langmead, Ben and Salzberg, Steven L},
  journal={Nature Methods},
  volume={12},
  number={4},
  pages={357--360},
  year={2015},
  publisher={Nature Publishing Group}
}
@article{Dobin2013Star,
  title={{STAR: ultrafast universal RNA-seq aligner}},
  author={Dobin, Alexander and Davis, Carrie A and Schlesinger, Felix and Drenkow, Jorg and Zaleski, Chris and Jha, Sonali and Batut, Philippe and Chaisson, Mark and Gingeras, Thomas R},
  journal={Bioinformatics},
  volume={29},
  number={1},
  pages={15--21},
  year={2013},
  publisher={Oxford Univ Press}
}
@article{isoem,
  title={{Estimation of alternative splicing isoform frequencies from RNA-Seq data}},
  author={Nicolae, Marius and Mangul, Serghei and M{\u{a}}ndoiu, Ion I and Zelikovsky, Alex},
  journal={{Algorithms for Molecular Biology}},
  volume={6},
  number={1},
  pages={1},
  year={2011},
  publisher={{BioMed Central}}
}
@article{rsembmc,
  title={{RSEM: accurate transcript quantification from RNA-Seq data with or without a reference genome}},
  author={Li, Bo and Dewey, Colin N},
  journal={{BMC Bioinformatics}},
  volume={12},
  number={1},
  pages={1},
  year={2011},
  publisher={BioMed Central}
}

@article{Patro2014Sailfish,
  title={{Sailfish enables alignment-free isoform quantification from RNA-seq reads using lightweight algorithms}},
  author={Patro, Rob and Mount, Stephen M and Kingsford, Carl},
  journal={Nature Biotechnology},
  volume={32},
  number={5},
  pages={462--464},
  year={2014},
  publisher={Nature Publishing Group}
}

@article{Li2010RSEM,
  title={{RNA-Seq gene expression estimation with read mapping uncertainty}},
  author={Li, Bo and Ruotti, Victor and Stewart, Ron M and Thomson, James A and Dewey, Colin N},
  journal={Bioinformatics},
  volume={26},
  number={4},
  pages={493--500},
  year={2010},
  publisher={Oxford Univ Press}
}

@article{tigar2,
  title={{TIGAR2: sensitive and accurate estimation of transcript isoform expression with longer RNA-Seq readsonline}},
  author={Nariai, Naoki and Kojima, Kaname and Mimori, Takahiro and Sato, Yukuto and Kawai, Yosuke and Yamaguchi-Kabata, Yumi and Nagasaki, Masao},
  journal={BMC Genomics},
  volume={15},
  number={Suppl 10},
  pages={S5},
  year={2014},
  publisher={BioMed Central Ltd}
}

@inproceedings{Recht2011Hogwild,
  title={{Hogwild!: A lock-free approach to parallelizing stochastic gradient descent}},
  author={Recht, Benjamin and Re, Christopher and Wright, Stephen and Niu, Feng},
  booktitle={{Advances in Neural Information Processing Systems}},
  pages={693--701},
  year={2011}
}

@article{bitseqvb,
  title={{Fast and accurate approximate inference of transcript expression from RNA-seq data}},
  author={Hensman, James and Papastamoulis, Panagiotis and Glaus, Peter and Honkela, Antti and Rattray, Magnus},
  journal={Bioinformatics},
  volume={31},
  number={24},
  pages={3881--3889},
  year={2015},
  publisher={Oxford Univ Press}
}

@misc{travisci,
  author = {{Travis CI team}},
  title = {{Travis CI}},
  howpublished = "\url{https://travis-ci.org}",
  year = {2016}, 
  note = "[Online; accessed 5-Dec-2016]"
}

@misc{bioconda,
  author={{Bioconda team}},
  title={{Bioconda}},
  howpublished="\url{https://bioconda.github.io/}",
  year = {2016},
  note = "[Online; accessed 5-Dec-2016]"
}

@misc{droneci,
  author = {Drone team},
  title = {{Dravis CI}},
  howpublished = "\url{https://github.com/drone/drone}",
  year = {2016}, 
  note = "[online; accessed 5-dec-2016]"
}

@article{docker,
 author = {Merkel, Dirk},
 title = {Docker: Lightweight Linux Containers for Consistent Development and Deployment},
 journal = {Linux J.},
 issue_date = {March 2014},
 volume = {2014},
 number = {239},
 month = mar,
 year = {2014},
 issn = {1075-3583},
 articleno = {2},
 url = {http://dl.acm.org/citation.cfm?id=2600239.2600241},
 acmid = {2600241},
 publisher = {Belltown Media},
 address = {Houston, TX},
} 

@article{Roberts2013Express,
  title={{Streaming fragment assignment for real-time analysis of sequencing experiments}},
  author={Roberts, Adam and Pachter, Lior},
  journal={{Nature Methods}},
  volume={10},
  number={1},
  pages={71--73},
  year={2013},
  publisher={Nature Publishing Group}
}

@article{Love2016Modeling,
  title={{Modeling of RNA-seq fragment sequence bias reduces systematic errors in transcript abundance estimation}},
  author={Love, Michael I and Hogenesch, John B and Irizarry, Rafael A},
  journal={{Nature Biotechnology}},
  year={2016},
  volume={AOP}
}

@article{Roberts2011Improving,
  title={{Improving RNA-Seq expression estimates by correcting for fragment bias}},
  author={Roberts, Adam and Trapnell, Cole and Donaghey, Julie and Rinn, John L and Pachter, Lior and others},
  journal={Genome Biology},
  volume={12},
  number={3},
  pages={R22},
  year={2011}
}

@article{Zhang2014RNASkim,
  title={{RNA-Skim: a rapid method for RNA-Seq quantification at transcript level}},
  author={Zhang, Zhaojun and Wang, Wei},
  journal={Bioinformatics},
  volume={30},
  number={12},
  pages={i283--i292},
  year={2014},
  publisher={Oxford Univ Press}
}


@inproceedings{Foulds2013SCVB0,
  title={{Stochastic collapsed variational Bayesian inference for latent Dirichlet allocation}},
  author={Foulds, James and Boyles, Levi and DuBois, Christopher and Smyth, Padhraic and Welling, Max},
  booktitle={{Proceedings of the 19th ACM SIGKDD International Conference on Knowledge Discovery and Data Mining}},
  pages={446--454},
  year={2013},
  organization={ACM}
}

@book{Bishop2006PRML,
  title={{Pattern Recognition and Machine Learning}},
  author={Bishop, Christopher M and others},
  volume={4},
  number={4},
  year={2006},
  publisher={Springer, New York}
}

@article{Hoadley2014Multiplatform,
  title={{Multiplatform analysis of 12 cancer types reveals molecular classification within and across tissues of origin}},
  author={Hoadley, Katherine A and Yau, Christina and Wolf, Denise M and Cherniack, Andrew D and Tamborero, David and Ng, Sam and Leiserson, Max DM and Niu, Beifang and McLellan, Michael D and Uzunangelov, Vladislav and others},
  journal={Cell},
  volume={158},
  number={4},
  pages={929--944},
  year={2014},
  publisher={Elsevier}
}

@article{Li2014Comparison,
  title={{Comparison of \emph{D. melanogaster} and \emph{C. elegans} developmental stages, tissues, and cells by modENCODE RNA-seq data}},
  author={Li, Jingyi Jessica and Huang, Haiyan and Bickel, Peter J and Brenner, Steven E},
  journal={Genome Research},
  volume={24},
  number={7},
  pages={1086--1101},
  year={2014},
  publisher={Cold Spring Harbor Lab}
}

@article{Kodama2012Sequence,
  title={{The Sequence Read Archive: explosive growth of sequencing data}},
  author={Kodama, Yuichi and Shumway, Martin and Leinonen, Rasko},
  journal={Nucleic Acids Research},
  volume={40},
  number={D1},
  pages={D54--D56},
  year={2012},
  publisher={Oxford Univ Press}
}

@article{Weinstein2013Cancer,
  title={{The cancer genome atlas pan-cancer analysis project}},
  author={Weinstein, John N and Collisson, Eric A and Mills, Gordon B and Shaw, Kenna R Mills and Ozenberger, Brad A and Ellrott, Kyle and Shmulevich, Ilya and Sander, Chris and Stuart, Joshua M and Cancer Genome Atlas Research Network and others},
  journal={Nature Genetics},
  volume={45},
  number={10},
  pages={1113--1120},
  year={2013},
  publisher={Nature Publishing Group}
}

@article{Moran2012Human,
  title={{Human $\beta$ cell transcriptome analysis uncovers lncRNAs that are tissue-specific, dynamically regulated, and abnormally expressed in type 2 diabetes}},
  author={Mor{\'a}n, Ignasi and Akerman, {\.I}ldem and van de Bunt, Martijn and Xie, Ruiyu and Benazra, Marion and Nammo, Takao and Arnes, Luis and Naki{\'c}, Nikolina and Garc{\'\i}a-Hurtado, Javier and Rodr{\'\i}guez-Segu{\'\i}, Santiago and others},
  journal={Cell Metabolism},
  volume={16},
  number={4},
  pages={435--448},
  year={2012},
  publisher={Elsevier}
}

@article{SEQC2014,
  title={{A comprehensive assessment of RNA-seq accuracy, reproducibility and information content by the Sequencing Quality Control Consortium}},
  author={SEQC/MAQC-III Consortium and others},
  journal={Nature Biotechnology},
  volume={32},
  number={9},
  pages={903--914},
  year={2014},
  publisher={Nature Publishing Group}
}

@article{tHoen2013,
  title={{Reproducibility of high-throughput mRNA and small RNA sequencing across laboratories}},
  author={'t Hoen, Peter A. C. and Friedl{\"a}nder, Marc R and Alml{\"o}f, Jonas and Sammeth, Michael and Pulyakhina, Irina and Anvar, Seyed Yahya and Laros, Jeroen FJ and Buermans, Henk PJ and Karlberg, Olof and Br{\"a}nnvall, Mathias and others},
  journal={{Nature Biotechnology}},
  volume={31},
  number={11},
  pages={1015--1022},
  year={2013},
  publisher={Nature Publishing Group}
}

@article{yates2015ensembl,
  title={Ensembl 2016},
  author={Yates, Andrew and Akanni, Wasiu and Amode, M Ridwan and Barrell, Daniel and Billis, Konstantinos and Carvalho-Silva, Denise and Cummins, Carla and Clapham, Peter and Fitzgerald, Stephen and Gil, Laurent and others},
  journal={Nucleic acids research},
  pages={gkv1157},
  year={2015},
  publisher={Oxford Univ Press}
}

% This file was created with JabRef 2.3b2.
% Encoding: Cp1252

@ARTICLE{Boffelli03,
  author = {Markus Bauer and Gunnar W Klau and Knut Reinert},
  title = {{Accurate multiple sequence-structure alignment of RNA sequences
    using combinatorial optimization.}},
  journal = {BMC Bioinformatics},
  year = {2007},
  volume = {8},
  pages = {271},
  doi = {10.1186/1471-2105-8-271},
  institution = {Department of Mathematics and Computer Science, Free University Berlin,
    Berlin, Germany. mbauer@inf.fu-berlin.de},
  keywords = {Algorithms; Computer Simulation; Linear Models; Models, Chemical;
    Models, Genetic; RNA; Sensitivity and Specificity; Sequence Alignment;
    Sequence Analysis, RNA; Sequence Homology, Nucleic Acid},
  owner = {binf007},
  pii = {1471-2105-8-271},
  pmid = {17662141},
  timestamp = {2008.01.21},
  url = {http://dx.doi.org/10.1186/1471-2105-8-271}
}

@ARTICLE{Bag01,
  author = {Joachim Friedrich and Thomas Dandekar and Matthias Wolf and Tobias
    Müller},
  title = {{ProfDist: a tool for the construction of large phylogenetic trees
    based on profile distances.}},
  journal = {Bionformatics},
  year = {2005},
  volume = {21},
  pages = {2108--2109},
  number = {9},
  month = {May},
  doi = {10.1093/bioinformatics/bti289},
  institution = {Department of Bioinformatics, Biocenter, University of Würzburg,
    Germany.},
  keywords = {Algorithms; Chromosome Mapping; DNA Mutational Analysis; Gene Expression
    Profiling; Linkage Disequilibrium; Phylogeny; Sequence Alignment;
    Sequence Analysis, DNA; Software; User-Computer Interface},
  owner = {binf007},
  pii = {bti289},
  pmid = {15677706},
  timestamp = {2008.01.21},
  url = {http://dx.doi.org/10.1093/bioinformatics/bti289}
}

@ARTICLE{Gascuel1997,
  author = {O. Gascuel},
  title = {{BIONJ: an improved version of the NJ algorithm based on a simple
    model of sequence data.}},
  journal = {Mol Biol Evol},
  year = {1997},
  volume = {14},
  pages = {685--695},
  number = {7},
  month = {Jul},
  institution = {GERAD, Ecole des HEC, Montreal, Quebec, Canada. gascuel@lirmm.fr},
  keywords = {Algorithms; Evolution; Models, Biological; Phylogeny; Sequence Analysis;
    Software},
  owner = {binf007},
  pmid = {9254330},
  timestamp = {2008.01.21}
}

@ARTICLE{Gerlach2007,
  author = {Daniel Gerlach and Matthias Wolf and Thomas Dandekar and Tobias Müller
    and Andreas Pokorny and Sven Rahmann},
  title = {{Deep metazoan phylogeny.}},
  journal = {In Silico Biol},
  year = {2007},
  volume = {7},
  pages = {151--154},
  number = {2},
  institution = {Department of Bioinformatics, Biocenter, University of Würzburg,
    Am Hubland, D-97074 Würzburg, Germany.},
  keywords = {Algorithms; Animals; Computational Biology; Models, Genetic; Phylogeny;
    RNA, Ribosomal, 18S},
  owner = {binf007},
  pii = {2007070015},
  pmid = {17688440},
  timestamp = {2008.01.21}
}

@ARTICLE{Grajales2007,
  author = {Alejandro Grajales and Catalina Aguilar and Juan A Sánchez},
  title = {Phylogenetic reconstruction using secondary structures of Internal
    Transcribed Spacer 2 (ITS2, rDNA): finding the molecular and morphological
    gap in Caribbean gorgonian corals.},
  journal = {BMC Evol Biol},
  year = {2007},
  volume = {7},
  pages = {90},
  doi = {10.1186/1471-2148-7-90},
  institution = {>},
  keywords = {Animals; Anthozoa; DNA, Ribosomal Spacer; Evolution, Molecular; Genetic
    Speciation; Nucleic Acid Conformation; Phylogeny; RNA, Ribosomal;
    Variation (Genetics)},
  owner = {binf007},
  pii = {1471-2148-7-90},
  pmid = {17562014},
  timestamp = {2008.07.30},
  url = {http://dx.doi.org/10.1186/1471-2148-7-90}
}

@ARTICLE{Hochsmann2004,
  author = {Hochsmann, M. and Hochsmann, M. and Voss, B. and Giegerich, R.},
  title = {{Pure multiple RNA secondary structure alignments: a progressive
    profile approach}},
  journal = {IEEE/ACM Transactions on Computational Biology and Bioinformatics},
  year = {2004},
  volume = {1},
  pages = {53--62},
  number = {1},
  booktitle = {IEEE/ACM Transactions on Computational Biology and Bioinformatics},
  doi = {10.1109/TCBB.2004.11},
  editor = {Voss, B.},
  issn = {1545-5963},
  keywords = {biology computing, macromolecules, molecular biophysics, trees (mathematics),
    forest alignment, functional noncoding RNA structure, progressive
    profile approach, pure multiple RNA secondary structure alignments,
    strings, structure comparison, tree alignment model, tree profile
    representation, 65, Index Terms- Alignment of trees, RNA secondary
    structures, noncoding RNAs.},
  owner = {binf007},
  timestamp = {2008.01.23}
}

@ARTICLE{Hudelot2003,
  author = {Cendrine Hudelot and Vivek Gowri-Shankar and Howsun Jow and Magnus
    Rattray and Paul G Higgs},
  title = {{RNA-based phylogenetic methods: application to mammalian mitochondrial
    RNA sequences.}},
  journal = {Mol Phylogenet Evol},
  year = {2003},
  volume = {28},
  pages = {241--252},
  number = {2},
  month = {Aug},
  institution = {School of Biological Sciences, University of Manchester, UK.},
  keywords = {Animals; Bayes Theorem; Mammals; Models, Genetic; Phylogeny; RNA},
  owner = {binf007},
  pii = {S1055790303000617},
  pmid = {12878461},
  timestamp = {2008.01.21}
}

@ARTICLE{Jow2002,
  author = {H. Jow and C. Hudelot and M. Rattray and P. G. Higgs},
  title = {Bayesian phylogenetics using an RNA substitution model applied to
    early mammalian evolution.},
  journal = {Mol Biol Evol},
  year = {2002},
  volume = {19},
  pages = {1591--1601},
  number = {9},
  month = {Sep},
  institution = {Department of Computer Science, University of Manchester, UK.},
  keywords = {Animals; Base Sequence; Bayes Theorem; Databases, Genetic; Evolution,
    Molecular; Humans; Mammals; Models, Genetic; Phylogeny; RNA; Species
    Specificity},
  owner = {binf007},
  pmid = {12200486},
  timestamp = {2008.06.06}
}

@INCOLLECTION{Jukes69,
  author = {Jukes, T. and Cantor, C.R.},
  title = {Evolution of protein molecules},
  booktitle = {Mammalian Protein Metabolism},
  publisher = {Academic Press},
  year = {1969},
  editor = {Munro, H},
  pages = {21-132},
  address = {New York, USA}
}

@ARTICLE{Mueller2004,
  author = {Tobias Müller and Sven Rahmann and Thomas Dandekar and Matthias Wolf},
  title = {{Accurate and robust phylogeny estimation based on profile distances:
    a study of the Chlorophyceae (Chlorophyta).}},
  journal = {BMC Evol Biol},
  year = {2004},
  volume = {4},
  pages = {20},
  month = {Jun},
  doi = {10.1186/1471-2148-4-20},
  institution = {Department of Bioinformatics, Biocenter, University of Würzburg,
    Am Hubland, D-97074 Würzburg, Germany. tobias.mueller@biozentrum.uni-wuerzburg.de},
  keywords = {Algae, Green; Animals; Computational Biology; Evolution, Molecular;
    Models, Genetic; Phylogeny; RNA, Plant; RNA, Ribosomal; RNA, Ribosomal,
    18S},
  owner = {binf007},
  pii = {1471-2148-4-20},
  pmid = {15222898},
  timestamp = {2008.01.21},
  url = {http://dx.doi.org/10.1186/1471-2148-4-20}
}

@ARTICLE{Mueller2002,
  author = {Tobias Müller and Rainer Spang and Martin Vingron},
  title = {{Estimating amino acid substitution models: a comparison of Dayhoff's
    estimator, the resolvent approach and a maximum likelihood method.}},
  journal = {Mol Biol Evol},
  year = {2002},
  volume = {19},
  pages = {8--13},
  number = {1},
  month = {Jan},
  institution = {Deutsches Krebsforschungszentrum, Theoretische Bioinformatik, Im
    Neuenheimer Feld 280, 69120 Heidelberg, Germany. t.mueller@dkfz.de},
  keywords = {Algorithms; Amino Acid Sequence; Amino Acid Substitution; Computer
    Simulation; Evolution, Molecular; Likelihood Functions; Markov Chains;
    Models, Genetic; Proteins; Sequence Alignment},
  owner = {binf007},
  pmid = {11752185},
  timestamp = {2008.01.25}
}

@ARTICLE{Mueller2000,
  author = {T. Müller and M. Vingron},
  title = {{Modeling amino acid replacement.}},
  journal = {J Comput Biol},
  year = {2000},
  volume = {7},
  pages = {761--776},
  number = {6},
  doi = {10.1089/10665270050514918},
  institution = {Deutsches Krebsforschungszentrum, Theoretische Bioinformatik, 69120
    Heidelberg, Germany. t.mueller/m.vingron},
  keywords = {Amino Acid Substitution; Computer Simulation; Evolution, Molecular;
    Likelihood Functions; Markov Chains; Models, Biological; Proteins;
    Stochastic Processes; Time Factors},
  owner = {binf007},
  pmid = {11382360},
  timestamp = {2008.01.25},
  url = {http://dx.doi.org/10.1089/10665270050514918}
}

@INCOLLECTION{Buch2006,
  author = {Sven Rahmann and Tobias Muller and Thomas Dandekar and Matthias Wolf},
  title = {{Efficient and robust analysis of large phylogenetic datasets}},
  booktitle = {Advanced Data Mining Technologies in Bioinformatics},
  publisher = {Idea Group, Inc.},
  year = {2006},
  editor = {Hui-Huang Hsu},
  pages = {104-117},
  address = {Hershey, PA, USA},
}

@ARTICLE{Saitou1987,
  author = {N. Saitou and M. Nei},
  title = {{The neighbor-joining method: a new method for reconstructing phylogenetic
    trees.}},
  journal = {Mol Biol Evol},
  year = {1987},
  volume = {4},
  pages = {406--425},
  number = {4},
  month = {Jul},
  institution = {Center for Demographic and Population Genetics, University of Texas
    Health Science Center, Houston 77225.},
  keywords = {Animals; Biometry; Evolution; Models, Genetic; Phylogeny; Ranidae},
  owner = {binf007},
  pmid = {3447015},
  timestamp = {2008.01.21}
}

@ARTICLE{Schultz2005,
  author = {Jörg Schultz and Stefanie Maisel and Daniel Gerlach and Tobias Müller
    and Matthias Wolf},
  title = {{A common core of secondary structure of the internal transcribed
    spacer 2 (ITS2) throughout the Eukaryota.}},
  journal = {RNA},
  year = {2005},
  volume = {11},
  pages = {361--364},
  number = {4},
  month = {Apr},
  doi = {10.1261/rna.7204505},
  institution = {entrum.uni-wuerzburg.de},
  keywords = {Algae; Animals; Base Sequence; Conserved Sequence; DNA, Ribosomal
    Spacer; Fungi; Genetic Markers; Invertebrates; Molecular Sequence
    Data; Nucleic Acid Conformation; Phylogeny; Plants; Sequence Alignment;
    Transcription, Genetic},
  owner = {binf007},
  pii = {11/4/361},
  pmid = {15769870},
  timestamp = {2008.01.21},
  url = {http://dx.doi.org/10.1261/rna.7204505}
}

@ARTICLE{Schultz2006,
  author = {Jörg Schultz and Tobias Müller and Marco Achtziger and Philipp N
    Seibel and Thomas Dandekar and Matthias Wolf},
  title = {{The internal transcribed spacer 2 database--a web server for (not
    only) low level phylogenetic analyses.}},
  journal = {Nucleic Acids Res},
  year = {2006},
  volume = {34},
  pages = {W704--W707},
  number = {Web Server issue},
  month = {Jul},
  doi = {10.1093/nar/gkl129},
  institution = {Department of Bioinformatics, Biocenter, University of Würzburg Am
    Hubland, 97074 Würzburg, Germany. Joerg.Schultz@biozentrum.uni-wuerzburg.de},
  keywords = {DNA, Ribosomal Spacer; Databases, Nucleic Acid; Internet; Nucleic
    Acid Conformation; Phylogeny; Sequence Analysis, RNA; Software; User-Computer
    Interface},
  owner = {binf007},
  pii = {34/suppl_2/W704},
  pmid = {16845103},
  timestamp = {2008.01.21},
  url = {http://dx.doi.org/10.1093/nar/gkl129}
}

@ARTICLE{Schoeniger1994,
  author = {M. Schöniger and A. von Haeseler},
  title = {{A stochastic model for the evolution of autocorrelated DNA sequences.}},
  journal = {Mol Phylogenet Evol},
  year = {1994},
  volume = {3},
  pages = {240--247},
  number = {3},
  month = {Sep},
  doi = {10.1006/mpev.1994.1026},
  institution = {Technical University Munich, Germany.},
  keywords = {Animals; DNA; DNA, Mitochondrial; Evolution; Mammals; Markov Chains;
    Mutation; RNA, Bacterial; RNA, Ribosomal, 23S; Species Specificity;
    Stochastic Processes},
  owner = {binf007},
  pii = {S1055-7903(84)71026-8},
  pmid = {7529616},
  timestamp = {2008.01.25},
  url = {http://dx.doi.org/10.1006/mpev.1994.1026}
}

@ARTICLE{Seibel2006,
  author = {Philipp N Seibel and Tobias Müller and Thomas Dandekar and Jörg Schultz
    and Matthias Wolf},
  title = {{4SALE--a tool for synchronous RNA sequence and secondary structure
    alignment and editing.}},
  journal = {BMC Bioinformatics},
  year = {2006},
  volume = {7},
  pages = {498},
  doi = {10.1186/1471-2105-7-498},
  institution = {>},
  keywords = {Algorithms; Base Pairing; Computational Biology; Databases, Genetic;
    Nucleic Acid Conformation; RNA; Sequence Alignment; Sequence Analysis,
    RNA; Software Validation; Time Factors; User-Computer Interface},
  owner = {binf007},
  pii = {1471-2105-7-498},
  pmid = {17101042},
  timestamp = {2008.01.21},
  url = {http://dx.doi.org/10.1186/1471-2105-7-498}
}

@ARTICLE{Selig2008,
  author = {Christian Selig and Matthias Wolf and Tobias Müller and Thomas Dandekar
    and Jörg Schultz},
  title = {{The ITS2 Database II: homology modelling RNA structure for molecular
    systematics.}},
  journal = {Nucleic Acids Res},
  year = {2008},
  volume = {36},
  pages = {D377--D380},
  number = {Database issue},
  month = {Jan},
  doi = {10.1093/nar/gkm827},
  institution = {Department of Bioinformatics, Biocenter, University of Würzburg,
    Am Hubland 97074 Würzburg, Germany.},
  owner = {binf007},
  pii = {gkm827},
  pmid = {17933769},
  timestamp = {2008.01.21},
  url = {http://dx.doi.org/10.1093/nar/gkm827}
}

@ARTICLE{Siebert2005,
  author = {Sven Siebert and Rolf Backofen},
  title = {{MARNA: multiple alignment and consensus structure prediction of
    RNAs based on sequence structure comparisons.}},
  journal = {Bioinformatics},
  year = {2005},
  volume = {21},
  pages = {3352--3359},
  number = {16},
  month = {Aug},
  institution = {Department of Bioinformatics, Institute of Computer Science, Friedrich-Schiller-University
    Jena, Ernst-Abbe Platz 2, 07743 Jena, Germany.},
  keywords = {Algorithms; Computer Simulation; Consensus Sequence; RNA; Sensitivity
    and Specificity; Sequence Alignment; Sequence Analysis, RNA; Sequence
    Homology, Nucleic Acid; Software; Structure-Activity Relationship},
  owner = {binf007},
  pii = {bti550},
  pmid = {15972285},
  timestamp = {2008.01.21},
  url = {http://dx.doi.org/10.1093/bioinformatics/bti550}
}

@ARTICLE{Smith2004,
  author = {Andrew D Smith and Thomas W H Lui and Elisabeth R M Tillier},
  title = {{Empirical models for substitution in ribosomal RNA.}},
  journal = {Mol Biol Evol},
  year = {2004},
  volume = {21},
  pages = {419--427},
  number = {3},
  month = {Mar},
  doi = {10.1093/molbev/msh029},
  institution = {Department of Medical Biophysics, University of Toronto, and Ontario
    Cancer Institute, University Health Network, Toronto, Ontario, Canada.},
  keywords = {Amino Acid Substitution; Animals; Computer Simulation; Databases,
    Nucleic Acid; Evolution, Molecular; Likelihood Functions; Models,
    Genetic; Phylogeny; RNA, Ribosomal; Sequence Alignment},
  owner = {binf007},
  pii = {msh029},
  pmid = {14660689},
  timestamp = {2008.01.21},
  url = {http://dx.doi.org/10.1093/molbev/msh029}
}

@MISC{QT,
  author = {Trolltech},
  title = {http://trolltech.com/products/qt/},
  year = {2008},
  owner = {binf007},
  timestamp = {2008.07.19},
  url = {http://trolltech.com/products/qt/}
}

@ARTICLE{Vanormelingen2007,
  author = {P Vanormelingen and E Hegewald and A Braband and M Kitschke and T
    Friedl and K Sabbe and W Vyverman},
  title = {{The systematics of a small spineless Desmodesmus species, D-costato-granulatus
    (Sphaeropleales, Chlorophyceae), based on ITS2 rDNA sequence analyses
    and cell wall morphology}},
  journal = {Journal of Phyclology},
  year = {2007},
  volume = {43},
  pages = {378-396},
  number = {2},
  month = {APR}
}

@ARTICLE{Wheeler2000,
  author = {D. L. Wheeler and C. Chappey and A. E. Lash and D. D. Leipe and T.
    L. Madden and G. D. Schuler and T. A. Tatusova and B. A. Rapp},
  title = {{Database resources of the National Center for Biotechnology Information.}},
  journal = {Nucleic Acids Res},
  year = {2000},
  volume = {28},
  pages = {10--14},
  number = {1},
  month = {Jan},
  institution = {National Center for Biotechnology Information, National Library of
    Medicine, National Institutes of Health, Building 38A, 8600 Rockville
    Pike, Bethesda, MD 20894, USA.},
  keywords = {Animals; Biology; Databases, Factual; Gene Expression; Genome, Human;
    Humans; Information Storage and Retrieval; Mice; Models, Molecular;
    National Library of Medicine (U.S.); Neoplasms; Phenotype; United
    States},
  owner = {binf007},
  pii = {gkd055},
  pmid = {10592169},
  timestamp = {2008.01.21}
}

@ARTICLE{Wolf2005,
  author = {Matthias Wolf and Marco Achtziger and Jörg Schultz and Thomas Dandekar
    and Tobias Müller},
  title = {{Homology modeling revealed more than 20,000 rRNA internal transcribed
    spacer 2 (ITS2) secondary structures.}},
  journal = {RNA},
  year = {2005},
  volume = {11},
  pages = {1616--1623},
  number = {11},
  month = {Nov},
  doi = {10.1261/rna.2144205},
  institution = {Department of Bioinformatics, University of Würzburg, Biocenter,
    Am Hubland, Germany. matthias.wolf@biozentrum.uni-wuerzburg.de},
  keywords = {Algae; Animals; Base Sequence; DNA, Ribosomal Spacer; Evolution, Molecular;
    Fungi; Models, Molecular; Molecular Sequence Data; Nucleic Acid Conformation;
    RNA, Ribosomal; Sequence Alignment},
  owner = {binf007},
  pii = {11/11/1616},
  pmid = {16244129},
  timestamp = {2008.01.21},
  url = {http://dx.doi.org/10.1261/rna.2144205}
}

@article{revisit,
  title={A revisit of RSEM generative model and its EM algorithm for quantifying transcript abundances},
  author={Vuong, Hy and Truong, Thao and Tran, Thang and Pham, Son},
  journal={bioRxiv},
  pages={503672},
  year={2018},
  publisher={Cold Spring Harbor Laboratory}
}

@misc{SRR10948222,
author       = {PI: Kirsten Fisher},
title        = {Sub-biocrust soil microbial communities from Mojave Desert, California, United States - 8HMS},
howpublished = {Sequence Read Archive (SRA) [Internet]. Bethesda (MD): National Library of Medicine (US), National Center for Biotechnology Information; 2009},
month        = 1,
year         = 2020,
note         = {submitted to JGI at 2019-09-20; Available from: https://www.ncbi.nlm.nih.gov/sra/}
}

@article{wu2020new,
title={A new coronavirus associated with human respiratory disease in China},
author={Wu, Fan and Zhao, Su and Yu, Bin and Chen, Yan-Mei and Wang, Wen and Song, Zhi-Gang and Hu, Yi and Tao, Zhao-Wu and Tian, Jun-Hua and Pei, Yuan-Yuan and others},
journal={Nature},
volume={579},
number={7798},
pages={265--269},
year={2020},
publisher={Nature Publishing Group}
}

@article{baranov2005programmed,
title={Programmed ribosomal frameshifting in decoding the SARS-CoV genome},
author={Baranov, Pavel V and Henderson, Clark M and Anderson, Christine B and Gesteland, Raymond F and Atkins, John F and Howard, Michael T},
journal={Virology},
volume={332},
number={2},
pages={498--510},
year={2005},
publisher={Elsevier}
}

@article{wang2020unique,
title={Unique epidemiological and clinical features of the emerging 2019 novel coronavirus pneumonia (COVID-19) implicate special control measures},
author={Wang, Yixuan and Wang, Yuyi and Chen, Yan and Qin, Qingsong},
journal={Journal of medical virology},
volume={92},
number={6},
pages={568--576},
year={2020},
publisher={Wiley Online Library}
}

@article{zhang2020probable,
title={Probable pangolin origin of SARS-CoV-2 associated with the COVID-19 outbreak},
author={Zhang, Tao and Wu, Qunfu and Zhang, Zhigang},
journal={Current Biology},
year={2020},
publisher={Elsevier}
}

@article{tang2020origin,
title={On the origin and continuing evolution of SARS-CoV-2},
author={Tang, Xiaolu and Wu, Changcheng and Li, Xiang and Song, Yuhe and Yao, Xinmin and Wu, Xinkai and Duan, Yuange and Zhang, Hong and Wang, Yirong and Qian, Zhaohui and others},
journal={National Science Review},
year={2020}
}

@article{ma2014abundant,
title={Abundant rifampin resistance genes and significant correlations of antibiotic resistance genes and plasmids in various environments revealed by metagenomic analysis},
author={Ma, Liping and Li, Bing and Zhang, Tong},
journal={Applied microbiology and biotechnology},
volume={98},
number={11},
pages={5195--5204},
year={2014},
publisher={Springer}
}

@article{Jain2018,
  doi = {10.1089/cmb.2018.0036},
  url = {https://doi.org/10.1089/cmb.2018.0036},
  year = {2018},
  month = jul,
  publisher = {Mary Ann Liebert Inc},
  volume = {25},
  number = {7},
  pages = {766--779},
  author = {Chirag Jain and Alexander Dilthey and Sergey Koren and Srinivas Aluru and Adam M. Phillippy},
  title = {A Fast Approximate Algorithm for Mapping Long Reads to Large Reference Databases},
  journal = {Journal of Computational Biology}
}

@article{10002015global,
  title={A global reference for human genetic variation},
  author={1000 Genomes Project Consortium and others},
  journal={Nature},
  volume={526},
  number={7571},
  pages={68--74},
  year={2015},
  publisher={Nature Publishing Group}
}

@article{frankish2019gencode,
  title={GENCODE reference annotation for the human and mouse genomes},
  author={Frankish, Adam and Diekhans, Mark and Ferreira, Anne-Maud and Johnson, Rory and Jungreis, Irwin and Loveland, Jane and Mudge, Jonathan M and Sisu, Cristina and Wright, James and Armstrong, Joel and others},
  journal={Nucleic acids research},
  volume={47},
  number={D1},
  pages={D766--D773},
  year={2019},
  publisher={Oxford University Press}
}

@article{conway2017upsetr,
  title={UpSetR: an R package for the visualization of intersecting sets and their properties},
  author={Conway, Jake R and Lex, Alexander and Gehlenborg, Nils},
  journal={Bioinformatics},
  volume={33},
  number={18},
  pages={2938--2940},
  year={2017},
  publisher={Oxford University Press}
}

@article{edlib,
  title={{Edlib: a C/C++ library for fast, exact sequence alignment using edit distance}},
  author={{\v{S}}o{\v{s}}i{\'c}, Martin and {\v{S}}iki{\'c}, Mile},
  journal={Bioinformatics},
  volume={33},
  number={9},
  pages={1394--1395},
  year={2017},
  publisher={Oxford University Press}
}

@ARTICLE{suzuki2018introducing,
  title={Introducing difference recurrence relations for faster semi-global alignment of long sequences},
  author={Suzuki, Hajime and Kasahara, Masahiro},
  journal={{BMC Bioinformatics}},
  volume={19},
  number={1},
  pages={45},
  year={2018},
  publisher={{BioMed Central}}
}

@ARTICLE{wu2018limitations,
  author     = {Wu, Douglas C and Yao, Jun and Ho, Kevin S and Lambowitz, Alan M and Wilke, Claus O},
  title      = {Limitations of alignment-free tools in total {RNA-seq} quantification},
  journal    = {BMC Genomics},
  year       = 2018,
  volume     = 19,
  number     = 1,
  pages      = 510,
  publisher  = {BioMed Central},
}

@ARTICLE{direct_comparison,
  author     = {Yi, Lynn and Liu, Lauren and Melsted, P\'all and Pachter, Lior},
  title      = {A direct comparison of genome alignment and transcriptome pseudoalignment},
  journal    = {BioRxiv},
  year       = 2018,
  doi        = {https://doi.org/10.1101/444620},
  publisher  = {Cold Spring Harbor Laboratory},
}

@ARTICLE{liu2018imapsplice,
  author     = {Liu, Xinan and MacLeod, James N and Liu, Jinze},
  title      = {{iMapSplice:} Alleviating reference bias through personalized {RNA-seq} alignment},
  journal    = {PLOS ONE},
  year       = 2018,
  volume     = 13,
  number     = 8,
  pages      = {e0201554},
  publisher  = {Public Library of Science},
}

@ARTICLE{minimap2,
  author     = {Li, Heng},
  title      = {Minimap2: pairwise alignment for nucleotide sequences},
  journal    = {Bioinformatics},
  year       = 2018,
  volume     = 34,
  number     = 18,
  pages      = {3094--3100},
  publisher  = {Oxford University Press},
}

@misc{metasub2016metagenomics,
title={The metagenomics and metadesign of the subways and urban biomes (MetaSUB) international consortium inaugural meeting report},
author={MetaSUB International Consortium and others},
year={2016},
publisher={Springer}
}

@article{gevers2012human,
title={The Human Microbiome Project: a community resource for the healthy human microbiome},
author={Gevers, Dirk and Knight, Rob and Petrosino, Joseph F and Huang, Katherine and McGuire, Amy L and Birren, Bruce W and Nelson, Karen E and White, Owen and Meth{\'e}, Barbara A and Huttenhower, Curtis},
journal={PLoS Biol},
volume={10},
number={8},
pages={e1001377},
year={2012},
publisher={Public Library of Science}
}

@article{federhen2012ncbi,
title={The NCBI taxonomy database},
author={Federhen, Scott},
journal={Nucleic acids research},
volume={40},
number={D1},
pages={D136--D143},
year={2012},
publisher={Oxford University Press}
}

@ARTICLE{polyester,
  title={Polyester: simulating RNA-seq datasets with differential transcript expression},
  author={Frazee, Alyssa C and Jaffe, Andrew E and Langmead, Ben and Leek, Jeffrey T},
  journal={Bioinformatics},
  volume={31},
  number={17},
  pages={2778--2784},
  year={2015},
  publisher={Oxford University Press}
}

@ARTICLE{saha2018false,
  author     = {Saha, Ashis and Battle, Alexis},
  title      = {False positives in {trans-eQTL} and co-expression analyses arising from {RNA}-sequencing alignment errors [version 1; peer review: 3 approved]},
  journal    = {F1000Research},
  year       = 2018,
  volume     = {7:1860},
  publisher  = {Faculty of 1000 Ltd},
}

@inproceedings{selaln,
  author     = {Sarkar, Hirak and Zakeri, Mohsen and Malik, Laraib and Patro, Rob},
  title      = {Towards Selective-Alignment: Bridging the Accuracy Gap Between Alignment-Based and Alignment-Free Transcript Quantification},
  booktitle  = {Proceedings of the 2018 {ACM} International Conference on Bioinformatics, Computational Biology, and Health Informatics},
  year       = 2018,
  pages      = {27--36},
  address    = {Washington DC, USA},
  organization = {ACM},
  url        = {http://doi.acm.org/10.1145/3233547.3233589},
}

@ARTICLE{swimming,
  author     = {Love, Michael I and Soneson, Charlotte and Patro, Rob},
  title      = {Swimming downstream: statistical analysis of differential transcript usage following {Salmon} quantification},
  journal    = {F1000Research},
  year       = 2018,
  volume     = 7,
  publisher  = {Faculty of 1000 Ltd},
}

@ARTICLE{liorsignature,
  author     = {Ntranos, Vasilis and Yi, Lynn and Melsted, Pall and Pachter, Lior},
  title      = {Identification of transcriptional signatures for cell types from single-cell {RNA-Seq}},
  journal    = {BioRxiv},
  year       = 2018,
  pages      = 258566,
  publisher  = {Cold Spring Harbor Laboratory},
}

@ARTICLE{heraem,
  author     = {Vuong, Hy and Truong, Thao and Tran, Thang and Pham, Son},
  title      = {A revisit of {RSEM} generative model and its {EM} algorithm for quantifying transcript abundances},
  journal    = {BioRxiv},
  year       = 2018,
  doi        = {https://doi.org/10.1101/503672},
  publisher  = {Cold Spring Harbor Laboratory},
}

@misc{g2gtools,
  author     = {Vincent, Matt and {Kwangbom ``KB" Choi}},
  title      = {{Churchill-Lab/G2Gtools:} V0.1.31},
  year       = 2017,
  url        = {https://zenodo.org/record/292952},
  doi        = {10.5281/zenodo.292952},
  publisher  = {Zenodo},
}

@inproceedings{fleximer,
  author     = {Ju, Chelsea J-T and Li, Ruirui and Wu, Zhengliang and Jiang, Jyun-Yu and Yang, Zhao and Wang, Wei},
  title      = {Fleximer: Accurate Quantification of {RNA-Seq} via Variable-Length k-mers},
  booktitle  = {Proceedings of the 8th {ACM} International Conference on Bioinformatics, Computational Biology, and Health Informatics},
  year       = 2017,
  pages      = {263--272},
  address    = {Boston, MA, USA},
  organization = {ACM},
  url        = {http://doi.acm.org/10.1145/3107411.3107444},
}

@ARTICLE{matzaraki2017mhc,
  author     = {Matzaraki, Vasiliki and Kumar, Vinod and Wijmenga, Cisca and Zhernakova, Alexandra},
  title      = {The {MHC} locus and genetic susceptibility to autoimmune and infectious diseases},
  journal    = {Genome Biology},
  year       = 2017,
  volume     = 18,
  number     = 1,
  pages      = 76,
  publisher  = {BioMed Central},
}

@ARTICLE{vsovsic2017edlib,
  author     = {{\v{S}}o{\v{s}}i{\'c}, Martin and {\v{S}}iki{\'c}, Mile},
  title      = {Edlib: a {C/C++} library for fast, exact sequence alignment using edit distance},
  journal    = {Bioinformatics},
  year       = 2017,
  volume     = 33,
  number     = 9,
  pages      = {1394--1395},
  publisher  = {Oxford University Press},
}

@ARTICLE{ddfact,
  author     = {Zakeri, Mohsen and Srivastava, Avi and Almodaresi, Fatemeh and Patro, Rob},
  title      = {Improved data-driven likelihood factorizations for transcript abundance estimation},
  journal    = {Bioinformatics},
  year       = 2017,
  volume     = 33,
  number     = 14,
  pages      = {i142--i151},
  publisher  = {Oxford University Press},
}
@ARTICLE{pufferfish,
  title={A space and time-efficient index for the compacted colored de Bruijn graph},
  author={Almodaresi, Fatemeh and Sarkar, Hirak and Srivastava, Avi and Patro, Rob},
  journal={Bioinformatics},
  volume={34},
  number={13},
  pages={i169--i177},
  year={2018},
  publisher={Oxford University Press}
}
@ARTICLE{bwa,
  title={{Fast and accurate short read alignment with Burrows--Wheeler transform}},
  author={Li, Heng and Durbin, Richard},
  journal={Bioinformatics},
  volume={25},
  number={14},
  pages={1754--1760},
  year={2009},
  publisher={Oxford Univ Press}
}
@ARTICLE{salmon,
  author     = {Patro, Rob and Duggal, Geet and Love, Michael I and Irizarry, Rafael A and Kingsford, Carl},
  title      = {Salmon provides fast and bias-aware quantification of transcript expression},
  journal    = {Nature Methods},
  year       = 2017,
  volume     = 14,
  number     = 4,
  pages      = 417,
  publisher  = {Nature Publishing Group},
}

@ARTICLE{tcc,
  author     = {Ntranos, Vasilis and Kamath, Govinda M and Zhang, Jesse M and Pachter, Lior and David, N Tse},
  title      = {Fast and accurate single-cell {RNA-seq} analysis by clustering of transcript-compatibility counts},
  journal    = {Genome Biology},
  year       = 2016,
  volume     = 17,
  number     = 1,
  pages      = 112,
  publisher  = {BioMed Central},
}

@ARTICLE{soneson2015differential,
  author     = {Soneson, Charlotte and Love, Michael I and Robinson, Mark D},
  title      = {Differential analyses for {RNA-seq}: transcript-level estimates improve gene-level inferences [version 2; peer review: 2 approved]},
  journal    = {F1000Research},
  year       = 2016,
  volume     = {4:1521},
  publisher  = {Faculty of 1000 Ltd},
}

@ARTICLE{germain2016rnaonthebench,
  author     = {Germain, Pierre-Luc and Vitriolo, Alessandro and Adamo, Antonio and Laise, Pasquale and Das, Vivek and Testa, Giuseppe},
  title      = {{RNAontheBENCH:} computational and empirical resources for benchmarking {RNAseq} quantification and differential expression methods},
  journal    = {Nucleic Acids Research},
  year       = 2016,
  volume     = 44,
  number     = 11,
  pages      = {5054--5067},
  publisher  = {Oxford University Press},
}

@ARTICLE{rapmap,
  author     = {Srivastava, Avi and Sarkar, Hirak and Gupta, Nitish and Patro, Rob},
  title      = {{RapMap:} a rapid, sensitive and accurate tool for mapping {RNA-seq} reads to transcriptomes},
  journal    = {Bioinformatics},
  year       = 2016,
  volume     = 32,
  number     = 12,
  pages      = {i192--i200},
  publisher  = {Oxford University Press},
}

@ARTICLE{kallisto,
  author     = {Bray, Nicolas L and Pimentel, Harold and Melsted, P{\'a}ll and Pachter, Lior},
  title      = {Near-optimal probabilistic {RNA-seq} quantification},
  journal    = {Nature Biotechnology},
  year       = 2016,
  volume     = 34,
  number     = 5,
  pages      = 525,
  publisher  = {Nature Publishing Group},
}

@ARTICLE{trimgalore,
  author     = {Krueger, Felix},
  title      = {Trim Galore},
  journal    = {A Wrapper Tool Around Cutadapt and FastQC to Consistently Apply Quality and Adapter Trimming to FastQ Files},
  year       = 2015,
  url        = {http://www.bioinformatics.babraham.ac.uk/projects/trim_galore/},
}

@ARTICLE{rutkowski2015widespread,
  author     = {Rutkowski, Andrzej J and Erhard, Florian and L'Hernault, Anne and Bonfert, Thomas and Schilhabel, Markus and Crump, Colin and Rosenstiel, Philip and Efstathiou, Stacey and Zimmer, Ralf and Friedel, Caroline C and others},
  title      = {Widespread disruption of host transcription termination in {HSV-1} infection},
  journal    = {Nature Communications},
  year       = 2015,
  volume     = 6,
  pages      = 7126,
  publisher  = {Nature Publishing Group},
}


@ARTICLE{love2014moderated,
  author     = {Love, Michael I and Huber, Wolfgang and Anders, Simon},
  title      = {Moderated estimation of fold change and dispersion for {RNA-seq} data with {DESeq2}},
  journal    = {Genome Biology},
  year       = 2014,
  volume     = 15,
  number     = 12,
  pages      = 550,
  publisher  = {BioMed Central},
}

@ARTICLE{law2014voom,
  author     = {Law, Charity W and Chen, Yunshun and Shi, Wei and Smyth, Gordon K},
  title      = {voom: Precision weights unlock linear model analysis tools for {RNA-seq} read counts},
  journal    = {Genome Biology},
  year       = 2014,
  volume     = 15,
  number     = 2,
  pages      = {R29},
  publisher  = {BioMed Central},
}

@ARTICLE{rnaskim,
  author     = {Zhang, Zhaojun and Wang, Wei},
  title      = {{RNA-Skim:} a rapid method for {RNA-Seq} quantification at transcript level},
  journal    = {Bioinformatics},
  year       = 2014,
  volume     = 30,
  number     = 12,
  pages      = {i283--i292},
  publisher  = {Oxford University Press},
}

@ARTICLE{sailfish,
  author     = {Patro, Rob and Mount, Stephen M and Kingsford, Carl},
  title      = {Sailfish enables alignment-free isoform quantification from {RNA-seq} reads using lightweight algorithms},
  journal    = {Nature Biotechnology},
  year       = 2014,
  volume     = 32,
  number     = 5,
  pages      = 462,
  publisher  = {Nature Publishing Group},
}

@ARTICLE{munger2014rna,
  author     = {Munger, Steven C and Raghupathy, Narayanan and Choi, Kwangbom and Simons, Allen K and Gatti, Daniel M and Hinerfeld, Douglas A and Svenson, Karen L and Keller, Mark P and Attie, Alan D and Hibbs, Matthew A and others},
  title      = {{RNA-Seq} alignment to individualized genomes improves transcript abundance estimates in multiparent populations},
  journal    = {Genetics},
  year       = 2014,
  volume     = 198,
  number     = 1,
  pages      = {59--73},
  publisher  = {Genetics Soc America},
}

@ARTICLE{star,
  author     = {Dobin, Alexander and Davis, Carrie A and Schlesinger, Felix and Drenkow, Jorg and Zaleski, Chris and Jha, Sonali and Batut, Philippe and Chaisson, Mark and Gingeras, Thomas R},
  title      = {{STAR:} ultrafast universal {RNA-seq} aligner},
  journal    = {Bioinformatics},
  year       = 2013,
  volume     = 29,
  number     = 1,
  pages      = {15--21},
  publisher  = {Oxford University Press},
}

@incollection{cruz2013hla,
  author     = {Cruz-Tapias, Paola and Castiblanco, John and Anaya, Juan-Manuel},
  title      = {{HLA} association with autoimmune diseases},
  booktitle  = {Autoimmunity: From Bench to Bedside [Internet]},
  publisher  = {El Rosario University Press},
  year       = 2013,
}

@ARTICLE{glaus2012identifying,
  title={{Identifying differentially expressed transcripts from RNA-seq data with biological variation}},
  author={Glaus, Peter and Honkela, Antti and Rattray, Magnus},
  journal={Bioinformatics},
  volume={28},
  number={13},
  pages={1721--1728},
  year={2012},
  publisher={{Oxford University Press}}
}

@ARTICLE{hensman2015fast,
  title={{Fast and accurate approximate inference of transcript expression from RNA-seq data}},
  author={Hensman, James and Papastamoulis, Panagiotis and Glaus, Peter and Honkela, Antti and Rattray, Magnus},
  journal={Bioinformatics},
  volume={31},
  number={24},
  pages={3881--3889},
  year={2015},
  publisher={{Oxford University Press}}
}

@ARTICLE{bowtie2,
  author     = {Langmead, Ben and Salzberg, Steven L},
  title      = {Fast gapped-read alignment with {Bowtie 2}},
  journal    = {Nature Methods},
  year       = 2012,
  volume     = 9,
  number     = 4,
  pages      = 357,
  publisher  = {Nature Publishing Group},
}

@article{langmead2010aligning,
  title={Aligning short sequencing reads with Bowtie},
  author={Langmead, Ben},
  journal={Current protocols in bioinformatics},
  volume={32},
  number={1},
  pages={11--7},
  year={2010},
  publisher={Wiley Online Library}
}
@ARTICLE{subread,
  title={The Subread aligner: fast, accurate and scalable read mapping by seed-and-vote},
  author={Liao, Yang and Smyth, Gordon K and Shi, Wei},
  journal={Nucleic acids research},
  volume={41},
  number={10},
  pages={e108--e108},
  year={2013},
  publisher={Oxford University Press}
}
@ARTICLE{mrfast,
  title={Personalized copy number and segmental duplication maps using next-generation sequencing},
  author={Alkan, Can and Kidd, Jeffrey M and Marques-Bonet, Tomas and Aksay, Gozde and Antonacci, Francesca and Hormozdiari, Fereydoun and Kitzman, Jacob O and Baker, Carl and Malig, Maika and Mutlu, Onur and others},
  journal={Nature genetics},
  volume={41},
  number={10},
  pages={1061},
  year={2009},
  publisher={Nature Publishing Group}
}
@ARTICLE{mrsfast,
  title={mrsFAST: a cache-oblivious algorithm for short-read mapping},
  author={Hach, Faraz and Hormozdiari, Fereydoun and Alkan, Can and Hormozdiari, Farhad and Birol, Inanc and Eichler, Evan E and Sahinalp, S Cenk},
  journal={Nature methods},
  volume={7},
  number={8},
  pages={576},
  year={2010},
  publisher={Nature Publishing Group}
}
@ARTICLE{shrimp2,
  title={SHRiMP2: sensitive yet practical short read mapping},
  author={David, Matei and Dzamba, Misko and Lister, Dan and Ilie, Lucian and Brudno, Michael},
  journal={Bioinformatics},
  volume={27},
  number={7},
  pages={1011--1012},
  year={2011},
  publisher={Oxford University Press}
}

@ARTICLE{debga,
  title={deBGA: read alignment with de Bruijn graph-based seed and extension},
  author={Liu, Bo and Guo, Hongzhe and Brudno, Michael and Wang, Yadong},
  journal={Bioinformatics},
  volume={32},
  number={21},
  pages={3224--3232},
  year={2016},
  publisher={Oxford University Press}
}

@ARTICLE{bgreat,
  title={Read mapping on de Bruijn graphs},
  author={Limasset, Antoine and Cazaux, Bastien and Rivals, Eric and Peterlongo, Pierre},
  journal={BMC bioinformatics},
  volume={17},
  number={1},
  pages={237},
  year={2016},
  publisher={BioMed Central}
}

@ARTICLE{brownie,
  title={BrownieAligner: accurate alignment of Illumina sequencing data to de Bruijn graphs},
  author={Heydari, Mahdi and Miclotte, Giles and Van de Peer, Yves and Fostier, Jan},
  journal={BMC bioinformatics},
  volume={19},
  number={1},
  pages={311},
  year={2018},
  publisher={BioMed Central}
}

@inproceedings{rainbowfish,
  title={Rainbowfish: A succinct colored de Bruijn graph representation},
  author={Almodaresi, Fatemeh and Pandey, Prashant and Patro, Rob},
  booktitle={17th International Workshop on Algorithms in Bioinformatics (WABI 2017)},
  year={2017},
  organization={Schloss Dagstuhl-Leibniz-Zentrum fuer Informatik}
}

@ARTICLE{vari,
  title={Succinct colored de Bruijn graphs},
  author={Muggli, Martin D and Bowe, Alexander and Noyes, Noelle R and Morley, Paul S and Belk, Keith E and Raymond, Robert and Gagie, Travis and Puglisi, Simon J and Boucher, Christina},
  journal={Bioinformatics},
  volume={33},
  number={20},
  pages={3181--3187},
  year={2017},
  publisher={Oxford University Press}
}

@ARTICLE{mantis,
  title={Mantis: A fast, small, and exact large-scale sequence-search index},
  author={Pandey, Prashant and Almodaresi, Fatemeh and Bender, Michael A and Ferdman, Michael and Johnson, Rob and Patro, Rob},
  journal={Cell systems},
  volume={7},
  number={2},
  pages={201--207},
  year={2018},
  publisher={Elsevier}
}

@ARTICLE{cortex,
  title={De novo assembly and genotyping of variants using colored de Bruijn graphs},
  author={Iqbal, Zamin and Caccamo, Mario and Turner, Isaac and Flicek, Paul and McVean, Gil},
  journal={Nature genetics},
  volume={44},
  number={2},
  pages={226},
  year={2012},
  publisher={Nature Publishing Group}
}

@ARTICLE{snakemake,
  author     = {K{\"o}ster, Johannes and Rahmann, Sven},
  title      = {Snakemake—a scalable bioinformatics workflow engine},
  journal    = {Bioinformatics},
  year       = 2012,
  volume     = 28,
  number     = 19,
  pages      = {2520--2522},
  publisher  = {Oxford University Press},
}

@ARTICLE{rsem,
  author     = {Li, Bo and Dewey, Colin N},
  title      = {{RSEM:} accurate transcript quantification from {RNA-Seq} data with or without a reference genome},
  journal    = {BMC Bioinformatics},
  year       = 2011,
  volume     = 12,
  number     = 1,
  pages      = 323,
  publisher  = {BioMed Central},
}

@ARTICLE{cutadapt,
  author     = {Martin, Marcel},
  title      = {Cutadapt removes adapter sequences from high-throughput sequencing reads},
  journal    = {EMBnet. Journal},
  year       = 2011,
  volume     = 17,
  number     = 1,
  pages      = {10--12},
}

@ARTICLE{mmseq,
  author     = {Turro, Ernest and Su, Shu-Yi and Gon{\c{c}}alves, {\^A}ngela and Coin, Lachlan JM and Richardson, Sylvia and Lewin, Alex},
  title      = {Haplotype and isoform specific expression estimation using multi-mapping {RNA-seq} reads},
  journal    = {Genome Biology},
  year       = 2011,
  volume     = 12,
  number     = 2,
  pages      = {R13},
  publisher  = {BioMed Central},
}

@ARTICLE{mortazavi,
  author     = {Mortazavi, Ali and Williams, Brian A and McCue, Kenneth and Schaeffer, Lorian and Wold, Barbara},
  title      = {Mapping and quantifying mammalian transcriptomes by {RNA-Seq}},
  journal    = {Nature Methods},
  year       = 2008,
  volume     = 5,
  number     = 7,
  pages      = 621,
  publisher  = {Nature Publishing Group},
}

@ARTICLE{lister,
  author     = {Lister, Ryan and O'Malley, Ronan C and Tonti-Filippini, Julian and Gregory, Brian D and Berry, Charles C and Millar, A Harvey and Ecker, Joseph R},
  title      = {Highly integrated single-base resolution maps of the epigenome in {A}rabidopsis},
  journal    = {Cell},
  year       = 2008,
  volume     = 133,
  number     = 3,
  pages      = {523--536},
  publisher  = {Elsevier},
}

@ARTICLE{nagalakshmi,
  author     = {Nagalakshmi, Ugrappa and Wang, Zhong and Waern, Karl and Shou, Chong and Raha, Debasish and Gerstein, Mark and Snyder, Michael},
  title      = {The transcriptional landscape of the yeast genome defined by {RNA} sequencing},
  journal    = {Science},
  year       = 2008,
  volume     = 320,
  number     = 5881,
  pages      = {1344--1349},
  publisher  = {American Association for the Advancement of Science},
}

@ARTICLE{ncbi,
  author     = {Edgar, Ron and Domrachev, Michael and Lash, Alex E},
  title      = {Gene Expression Omnibus: {NCBI} gene expression and hybridization array data repository},
  journal    = {Nucleic Acids Research},
  year       = 2002,
  volume     = 30,
  number     = 1,
  pages      = {207--210},
  publisher  = {Oxford University Press},
}

@ARTICLE{hwang1990dna,
  author     = {Hwang, Charles BC and Shillitoe, Edward J},
  title      = {{DNA} sequence of mutations induced in cells by herpes simplex virus type-1},
  journal    = {Virology},
  year       = 1990,
  volume     = 178,
  number     = 1,
  pages      = {180--188},
  publisher  = {Elsevier},
}

@misc{rsem_manual,
  title      = {{RSEM} manual},
  howpublished = {{\url{https://deweylab.github.io/RSEM/}}},
  note       = {Accessed: 2019-04-09},
}

@ARTICLE{zhang2017evaluation,
  title={{Evaluation and comparison of computational tools for RNA-seq isoform quantification}},
  author={Zhang, Chi and Zhang, Baohong and Lin, Lih-Ling and Zhao, Shanrong},
  journal={{BMC Genomics}},
  volume={18},
  number={1},
  pages={583},
  year={2017},
  publisher={{BioMed Central}}
}

@ARTICLE{kanitz2015comparative,
  title={{Comparative assessment of methods for the computational inference of transcript isoform abundance from RNA-seq data}},
  author={Kanitz, Alexander and Gypas, Foivos and Gruber, Andreas J and Gruber, Andreas R and Martin, Georges and Zavolan, Mihaela},
  journal={Genome Biology},
  volume={16},
  number={1},
  pages={150},
  year={2015},
  publisher={{BioMed Central}}
}

@settings{label,
}

@article{chen2018fastp,
  title={fastp: an ultra-fast all-in-one FASTQ preprocessor},
  author={Chen, Shifu and Zhou, Yanqing and Chen, Yaru and Gu, Jia},
  journal={Bioinformatics},
  volume={34},
  number={17},
  pages={i884--i890},
  year={2018},
  publisher={Oxford University Press}
}

@article{holtgrewe2010mason,
  title={Mason: a read simulator for second generation sequencing data},
  author={Holtgrewe, Manuel},
  year={2010}
}

@article{srivastava2019alignment,
  title={Alignment and mapping methodology influence transcript abundance estimation},
  author={Srivastava, Avi and Malik, Laraib and Sarkar, Hirak and Zakeri, Mohsen and Almodaresi, Fatemeh and Soneson, Charlotte and Love, Michael I and Kingsford, Carl and Patro, Rob},
  journal={BioRxiv},
  pages={657874},
  year={2019},
  publisher={Cold Spring Harbor Laboratory}
}

@article{hisat2,
  title={Graph-based genome alignment and genotyping with HISAT2 and HISAT-genotype},
  author={Kim, Daehwan and Paggi, Joseph M and Park, Chanhee and Bennett, Christopher and Salzberg, Steven L},
  journal={Nature biotechnology},
  volume={37},
  number={8},
  pages={907--915},
  year={2019},
  publisher={Nature Publishing Group}
}

@article{hisat,
  title={HISAT: a fast spliced aligner with low memory requirements},
  author={Kim, Daehwan and Langmead, Ben and Salzberg, Steven L},
  journal={Nature methods},
  volume={12},
  number={4},
  pages={357--360},
  year={2015},
  publisher={Nature Publishing Group}
}

@article{lu2017bracken,
  title={Bracken: estimating species abundance in metagenomics data},
  author={Lu, Jennifer and Breitwieser, Florian P and Thielen, Peter and Salzberg, Steven L},
  journal={PeerJ Computer Science},
  volume={3},
  pages={e104},
  year={2017},
  publisher={PeerJ Inc.}
}

@article{reppell2018using,
  title={Using pseudoalignment and base quality to accurately quantify microbial community composition},
  author={Reppell, Mark and Novembre, John},
  journal={PLoS computational biology},
  volume={14},
  number={4},
  pages={e1006096},
  year={2018},
  publisher={Public Library of Science}
}

@article{lonsdale2013genotype,
  title={The genotype-tissue expression (GTEx) project},
  author={Lonsdale, John and Thomas, Jeffrey and Salvatore, Mike and Phillips, Rebecca and Lo, Edmund and Shad, Saboor and Hasz, Richard and Walters, Gary and Garcia, Fernando and Young, Nancy and others},
  journal={Nature genetics},
  volume={45},
  number={6},
  pages={580},
  year={2013},
  publisher={Nature Publishing Group}
}

@article{scclustering,
author = {Duò, Angelo and Robinson, Mark and Soneson, Charlotte},
year = {2018},
month = {07},
pages = {1141},
title = {A systematic performance evaluation of clustering methods for single-cell RNA-seq data},
volume = {7},
journal = {F1000Research},
doi = {10.12688/f1000research.15666.1}
}

@article{srivastava2019alevin,
  title={Alevin efficiently estimates accurate gene abundances from dscRNA-seq data},
  author={Srivastava, Avi and Malik, Laraib and Smith, Tom and Sudbery, Ian and Patro, Rob},
  journal={Genome biology},
  volume={20},
  number={1},
  pages={1--16},
  year={2019},
  publisher={BioMed Central}
}

@article{almodaresi2021puffaligner,
  title={Puffaligner: A Fast, Efficient, and Accurate Aligner Based on the Pufferfish Index},
  author={Almodaresi, Fatemeh and Zakeri, Mohsen and Patro, Rob},
  journal={Bioinformatics},
  year={2021}
}


@article{ma2019detecting,
  title={Detecting, Categorizing, and Correcting Coverage Anomalies of RNA-Seq Quantification},
  author={Ma, Cong and Kingsford, Carl},
  journal={Cell Systems},
  volume={9},
  number={6},
  pages={589--599},
  year={2019},
  publisher={Elsevier}
}

@misc{datasets, title={Single Cell Gene Expression Datasets, https://support.10xgenomics.com/single-cell-gene-expression/datasets}, url={https://support.10xgenomics.com/single-cell-gene-expression/datasets}, journal={Datasets -Single Cell Gene Expression -Official 10x Genomics Support}}

@misc{reback2020pandas,
    author       = {The pandas development team},
    title        = {pandas-dev/pandas: Pandas},
    month        = feb,
    year         = 2020,
    publisher    = {Zenodo},
    version      = {latest},
    doi          = {10.5281/zenodo.3509134},
    url          = {https://doi.org/10.5281/zenodo.3509134}
}

@article{zheng2017massively,
  title={Massively parallel digital transcriptional profiling of single cells},
  author={Zheng, Grace XY and Terry, Jessica M and Belgrader, Phillip and Ryvkin, Paul and Bent, Zachary W and Wilson, Ryan and Ziraldo, Solongo B and Wheeler, Tobias D and McDermott, Geoff P and Zhu, Junjie and others},
  journal={Nature communications},
  volume={8},
  number={1},
  pages={1--12},
  year={2017},
  publisher={Nature Publishing Group}
}

@article{wolf2018scanpy,
  title={SCANPY: large-scale single-cell gene expression data analysis},
  author={Wolf, F Alexander and Angerer, Philipp and Theis, Fabian J},
  journal={Genome biology},
  volume={19},
  number={1},
  pages={15},
  year={2018},
  publisher={BioMed Central}
}

%%%%%%%%%%%%%%%%%%%%%%%%%%%%%%%%%%%%%%%%%%%%%%%%%%%%%%%%%%%%%%%%%%%%%%%%%%%%%%%
@article{Craik:2005,
Author = "Craik, ADD",
Title = "George Gabriel Stokes on Water Wave Theory",
Journal = "Annual Review of Fluid Mechanics",
Year = "2005",
Volume = "37",
Pages = "23-42",
Journal-ISO = "Annu. Rev. Fluid Mech.",
}

@article{Craik:2004,
Author = "Craik, ADD",
Title = "The origins of water wave theory",
Journal = "Annual Review of Fluid Mechanics",
Year = "2004",
Volume = "36",
Pages = "1-28",
Journal-ISO = "Annu. Rev. Fluid Mech.",
}

@article{Stokes:1847,
Author = "Stokes, GG",
Title = "On the theory of oscillatory waves",
Journal = "Transactions of the Cambridge Philosophical Society",
Year = "1847",
Volume = "8",
Pages = "441",
Journal-ISO = "Trans. Cambridge Phil. Soc.",
}

@article{Phillips:1961,
Author = "Phillips, OM",
Title = "On the dynamics of unsteady gravity waves of finite amplitude 2: Local properties of a random wave field",
Journal = "J. Fluid Mech.",
Year = "1961",
Volume = "11",
Pages = "143-155",
}

@article{Phillips:1960,
Author = "Phillips, OM",
Title = "On the dynamics of unsteady gravity waves of finite amplitude 1: The elementary interactions",
Journal = "J. Fluid Mech.",
Year = "1960",
Volume = "9",
Pages = "193-217",
}

@article{Benjamin:1967,
Author = "Benjamin, TD",
Title = "Instability of periodic wavetrains in nonlinear dispersive systems",
Journal = "Proc. Roy. Soc. London Ser. A",
Year = "1967",
Volume = "A299",
}

@article{BF:1967,
Author = "Benjamin, TB and Feir, JE",
Title = "Disintigraion of wave trains on deep water 1: Theory",
Journal = "Journal of Fluid Mechanics",
Year = "1967",
Volume = "27",
Pages = "417-430",
ISSN = "0022-1120",
Journal-ISO = "J. Fluid Mech.",
}

@article{Melville:1983,
Author = "Melville, WK",
Title = "Wave modulation and breakdown",
Journal = "Journal of Fluid Mechanics",
Year = "1983",
Volume = "128",
Pages = "489-506",
Journal-ISO = "J. Fluid Mech.",
Unique-ID = "ISI:A1983QM80100024",
}

@article{Suetal:1982,
Author = "Su, MY and Bergin, M and Marler, P and Myrick, R",
Title = "Experiments on non-linear instabilities and evolution of steep
   gravity-wave trains",
Journal = "Journal of Fluid Mechanics",
Year = "1982",
Volume = "124",
Pages = "45-72",
Journal-ISO = "J. Fluid Mech.",
Unique-ID = "ISI:A1982PW81100003",
}

@article{Su:1982,
Author = "Su, MY",
Title = "3-dimensional deep-water waves 1: Experimental-measurement of skew and
   symmetric wave patterns",
Journal = "Journal of Fluid Mechanics",
Year = "1982",
Volume = "124",
Pages = "73-108",
Journal-ISO = "J. Fluid Mech.",
Unique-ID = "ISI:A1982PW81100004",
}

@article{Melville:1982,
Author = "Melville, WK",
Title = "The instability and breaking of deep-water waves",
Journal = "Journal of Fluid Mechanics",
Year = "1982",
Volume = "115",
Pages = "165-185",
Journal-ISO = "J. Fluid Mech.",
Unique-ID = "ISI:A1982NF74000010",
}

@article{Lakeetal:1977,
Author = "Lake, BM and Yuen, HC and Rungaldier, H and Ferguson, WE",
Title = "Nonlinear deep-water waves - theory and experiment 2: Evolution of a
   continuous wave train",
Journal = "Journal of Fluid Mechanics",
Year = "1977",
Volume = "83",
Pages = "49-74",
Journal-ISO = "J. Fluid Mech.",
}

@article{Lighthill:1967,
Author = "Lighthill, MJ",
Title = "Some special cases treated by Whitam theory",
Journal = "Proceedings of the Royal Society of London Series A - mathematical and physical sciences",
Year = "1967",
Volume = "299",
Pages = "28-53",
Journal-ISO = "Proc. Roy. Soc. London A",
}

@article{Phillips:1957,
author = "Phillips,O. M.",
title = "On the generation of waves by turbulent wind",
journal = "Journal of Fluid Mechanics Digital Archive",
volume = "2",
number = "05",
pages = "417-445",
year = "1957",
doi = "10.1017/S0022112057000233",
}

@article{Miles:1962,
author = "Miles, JW",
title = "On the generation of surface waves by shear flows. Part 4",
journal = "Journal of Fluid Mechanics",
volume = "13",
pages = "433-448",
year = "1962",
doi = "10.1017/S0022112062000828",
URL = "http://journals.cambridge.org/action/displayAbstract?fromPage=online&aid=368843&fulltextType=RA&fileId=S0022112062000828",
eprint = "http://journals.cambridge.org/article_S0022112062000828",
}

@article{Duncan:1994a,
author = "JH Duncan and V Philomin and M Behres and J Kimmel",
collaboration = "",
title = "The formation of spilling breaking water waves",
publisher = "AIP",
year = "1994a",
journal = "Physics of Fluids",
volume = "6",
number = "8",
pages = "2558-2560",
keywords = "WATER WAVES; CAPILLARY WAVES; SURFACE WAVES; TURBULENT FLOW; WAVELENGTHS; HYDRODYNAMICS; GRAVITY WAVES; FLOW VISUALIZATION; PHOTOGRAPHY",
url = "http://link.aip.org/link/?PHF/6/2558/1",
doi = "10.1063/1.868146"
}

@article{Duncan:1994b,
Author = "Duncan, JH and Philomin, V and Qiao, H and Kimmel, J",
Title = "The formation of a spilling breaker",
Journal = "Physics of Fluids",
Year = "1994b",
Volume = "6",
Number = "9",
Pages = "S2",
Month = "SEP",
Unique-ID = "ISI:A1994PF98000002",
}

@article{Rapp:1990,
Author = "Rapp, RJ and Melville, WK",
Title = "Laboratory measurements of deep-water breaking waves",
Journal = "Philosophical transactions of the Royal Society of London Series
   A",
Year = "1990",
Volume = "331",
Pages = "735-800",
Month = "JUN 30",
Unique-ID = "ISI:A1990DN41900001",
}

@article{Duncan:1999,
author = "Duncan, JH and Qiao, H and Philomin, V and Wenz, A",
title = "Gentle spilling breakers: crest profile evolution",
journal = "Journal of Fluid Mechanics",
volume = "379",
pages = "191-222",
year = "1999",
doi = "null",
URL = "http://journals.cambridge.org/action/displayAbstract?fromPage=online&aid=14643&fulltextType=RA&fileId=S0022112098003152",
eprint = "http://journals.cambridge.org/article_S0022112098003152",
}

@article{Wang:1994,
author = "Wang, P and Yao, Y and Tulin, MP",
title = "Wave group evolution, wave deformation, and breaking: Simulations using LONGTANK, a numerical wave tank",
journal = "International Journal of Offshore and Polar Engineering",
volume = "4",
number = "3",
pages = "200-206",
year = "1994",
}

@techreport{Yao:1996,
author = "Yao, Y and Wang, P and Tulin, MP",
title = "Surface tension effects on breaking waves - LONGTANK simulation.",
institution = "University of California, Santa Barbera",
volume = "",
pages = "95-132",
year = "1996",
}

@incollection{Tulin:1996,
author = "Tulin, MP",
title = "Breaking of ocean waves and downshifting",
booktitle = "Waves and Nonlinear Processes in Hydrodynamics",
editor = "J. Grue et al.",
publisher = "Springer",
pages = "177-190",
year = "1996",
}

@article{LHetal:1994,
author = "Longuet-Higgins, MS and Cleaver, RP and Fox, MJH",
title = "Crest instabilities of gravity waves Part 2: Matching and asymptotic analysis",
journal = "Journal of Fluid Mechanics",
volume = "259",
pages = "333-344",
year = "1994",
doi = "10.1017/S0022112094000169",
URL = "http://journals.cambridge.org/action/displayAbstract?fromPage=online&aid=351925&fulltextType=RA&fileId=S0022112094000169",
eprint = "http://journals.cambridge.org/article_S0022112094000169",
}

@article{LH:1994,
author = "Longuet-Higgins, MS and Cleaver, RP",
title = "Crest instabilities of gravity waves Part 1: The almost-highest wave",
journal = "Journal of Fluid Mechanics",
volume = "258",
pages = "115-129",
year = "1994",
doi = "10.1017/S0022112094003265",
URL = "http://journals.cambridge.org/action/displayAbstract?fromPage=online&aid=357072&fulltextType=RA&fileId=S0022112094003265",
eprint = "http://journals.cambridge.org/article_S0022112094003265",
}

@article{LHD:1997,
author = "Longuet-Higgins , MS and Dommermuth, DG",
title = "Crest instabilities of gravity waves Part 3: Nonlinear development and breaking",
journal = "Journal of Fluid Mechanics",
volume = "336",
pages = "33-50",
year = "1997",
doi = "null",
URL = "http://journals.cambridge.org/action/displayAbstract?fromPage=online&aid=13075&fulltextType=RA&fileId=S002211209600403X",
eprint = "http://journals.cambridge.org/article_S002211209600403X",
}

@article{LHT:1997,
author = "Longuet-Higgins, MS and Tanaka, M",
title = "On the crest instabilities of steep surface waves",
journal = "Journal of Fluid Mechanics",
volume = "336",
pages = "51-68",
year = "1997",
doi = "null",
URL = "http://journals.cambridge.org/action/displayAbstract?fromPage=online&aid=13073&fulltextType=RA&fileId=S0022112096004028",
eprint = "http://journals.cambridge.org/article_S0022112096004028",
}

@article{Bonmarin:1989,
author = "Bonmarin, P",
title = "Geometric properties of deep-water breaking waves",
journal = "Journal of Fluid Mechanics",
volume = "209",
pages = "405-433",
year = "1989",
doi = "10.1017/S0022112089003162",
URL = "http://journals.cambridge.org/action/displayAbstract?fromPage=online&aid=396148&fulltextType=RA&fileId=S0022112089003162",
eprint = "http://journals.cambridge.org/article_S0022112089003162",
}

@article{Melville:1985,
Author = "Melville, WK and Rapp, RJ",
Title = "Momentum flux in breaking waves",
Journal = "Nature",
Year = "1985",
Volume = "317",
Number = "6037",
Pages = "514-516",
ISSN = "0028-0836",
Unique-ID = "ISI:A1985ASE0900044",
}

@incollection{Mason:1952,
author = "Mason, MA",
title = "Some observations of breaking waves",
booktitle = "US National Bureau of Standards Circular",
editor = "",
volume = "521",
publisher = "US Government Printing Office",
pages = "215-220",
year = "1952",
}

@incollection{Iversen:1952,
author = "Iversen, HW",
title = "Laboratory study of breakers",
booktitle = "US National Bureau of Standards Circular",
editor = "",
volume = "521",
publisher = "US Government Printing Office",
pages = "9-32",
year = "1952",
}

@article{Galvin:1968,
Author = "Galvin, CJ",
Title = "Breaker type classification on 3 laboratory beaches",
Journal = "Journal of Geophysical Research",
Year = "1968",
Volume = "73",
Number = "12",
Pages = "3651-3659",
ISSN = "0148-0227",
Unique-ID = "ISI:A1968B329500005",
}

@incollection{Miller:1976,
author = "Miller, RL",
title = "Role of vortices in surf zone prediction: sedimentation and wave forces",
booktitle = "Beach and Nearshore Sedimentation",
publisher = "Society for Economic Paleontologists and Mineralogists Special Publication 24",
pages = "92-114",
year = "1976",
}

@article{Banner:1974,
author = "Banner, ML and Phillips, OM",
title = "On the incipient breaking of small scale waves",
journal = "Journal of Fluid Mechanics",
volume = "65",
pages = "647-656",
year = "1974",
doi = "10.1017/S0022112074001583",
URL = "http://journals.cambridge.org/action/displayAbstract?fromPage=online&aid=386427&fulltextType=RA&fileId=S0022112074001583",
eprint = "http://journals.cambridge.org/article_S0022112074001583",
}

@article{Banner:1993,
Author = "Banner, ML and Peregrine, DH",
Title = "Wave breaking in deep water",
Journal = "Annual Review of Fluid Mechanics",
Year = "1993",
Volume = "25",
Pages = "373-397",
ISSN = "0066-4189",
Unique-ID = "ISI:A1993KJ09800012",
}

@article{Melville:1996,
Author = "Melville, WK",
Title = "The role of surface-wave breaking in air-sea interaction",
Journal = "Annual Review of Fluid Mechanics",
Year = "1996",
Volume = "28",
Pages = "279-321",
ISSN = "0066-4189",
Unique-ID = "ISI:A1996TR81500009",
}

@article{Jessup:1997,
Author = "Jessup, AT and Zappa, CJ and Loewen, MR and Hesany, V",
Title = "Infrared remote sensing of breaking waves",
Journal = "Nature",
Year = "1997",
Volume = "385",
Number = "6611",
Pages = "52-55",
Month = "JAN 2",
ISSN = "0028-0836",
Unique-ID = "ISI:A1997WA73100045",
}

@article{Siddiqui:2004,
Author = "Siddiqui, MHK and Loewen, MR and Asher, WE and Jessup, AT",
Title = "Coherent structures beneath wind waves and their influence on air-water
   gas transfer",
Journal = "Journal of Geophysical Research - Oceans",
Year = "2004",
Volume = "109",
Number = "C3",
Month = "MAR 17",
DOI = "10.1029/2002JC001559",
Article-Number = "C03024",
ISSN = "0148-0227",
Unique-ID = "ISI:000220438300001",
}

@article{Zappa:2004,
Author = "Zappa, CJ and Asher, WE and Jessup, AT and Klinke, J and Long, SR",
Title = "Microbreaking and the enhancement of air-water transfer velocity",
Journal = "Journal of Geophysical Research - Oceans",
Year = "2004",
Volume = "109",
Number = "C8",
Month = "AUG 27",
DOI = "10.1029/2003JC001897",
Article-Number = "C08S16",
ISSN = "0148-0227",
Unique-ID = "ISI:000223616300002",
}

@article{Duncan:2001,
Author = "Duncan, JH",
Title = "Spilling breakers",
Journal = "Annual Review of Fluid Mechanics",
Year = "2001",
Volume = "33",
Pages = "519-547",
ISSN = "0066-4189",
Unique-ID = "ISI:000167680000017",
}

@article{Cox:1958,
Author = "Cox, CS",
Title = "Measurements of slopes of high-frequency wind waves",
Journal = "Journal of Marine Research",
Year = "1958",
Volume = "16",
Number = "3",
Pages = "199-225",
Unique-ID = "ISI:A1958WW07500004",
}

@article{Schooley:1958,
Author = "Schooley, AH",
Title = "Profiles of wind-created water waves in the capillary-gravity transition region",
Journal = "Journal of Marine Research",
Year = "1958",
Volume = "16",
Number = "2",
Pages = "100-108",
Unique-ID = "ISI:A1958WW07400004",
}

@article{LH:1963,
author = "Longuet-Higgins, MS",
title = "The generation of capillary waves by steep gravity waves",
journal = "Journal of Fluid Mechanics",
volume = "16",
pages = "138-159",
year = "1963",
doi = "10.1017/S0022112063000641",
URL = "http://journals.cambridge.org/action/displayAbstract?fromPage=online&aid=369330&fulltextType=RA&fileId=S0022112063000641",
eprint = "http://journals.cambridge.org/article_S0022112063000641",
}

@article{Crapper:1970,
author = "Crapper, GD",
title = "Non-linear capillary waves generated by steep gravity waves",
journal = "Journal of Fluid Mechanics",
volume = "40",
pages = "149-159",
year = "1970",
doi = "10.1017/S0022112070000095",
URL = "http://journals.cambridge.org/action/displayAbstract?fromPage=online&aid=382723&fulltextType=RA&fileId=S0022112070000095",
eprint = "http://journals.cambridge.org/article_S0022112070000095",
}

@article{Okuda:1982,
author = "Okuda, K",
title = "Internal flow structure of short wind waves Part 1: On the internal 
 vorticity",
journal = "Journal of the Oceanographic Society of Japan",
volume = "30",
pages = "185-198",
year = "1982",
}

@article{Ebuchi:1987,
Author = "Ebuchi, N and Kawamura, H and Toba, Y",
Title = "Fine structure of laboratory wind-wave surfaces studied using an optical method",
Journal = "Boundary-Layer Meteorology",
Year = "1987",
Volume = "39",
Number = "1-2",
Pages = "133-151",
Month = "APR",
ISSN = "0006-8314",
Unique-ID = "ISI:A1987H332900009",
}

@inproceedings"LH:1997,
author = "Longuet-Higgins, MS",
title = "Progress towards understanding how waves break",
booktitle = "21st Symposium on Naval Hydrodynamics",
pages = "7-28",
year = "1997",
}

@article{LH:1996,
author = "Longuet-Higgins, MS",
title = "Capillary jumps on deep water",
journal = "Journal of Physical Oceanograophy",
volume = "96",
number = "9",
pages = "1957-1965",
year = "1996",
}

@article{LH:1989,
author = "Longuet-Higgins, MS",
title = "Capillary-gravity waves of solitary type on deep water",
journal = "Journal of Fluid Mechanics",
volume = "200",
pages = "451-470",
year = "1989",
doi = "10.1017/S002211208900073X",
URL = "http://journals.cambridge.org/action/displayAbstract?fromPage=online&aid=395014&fulltextType=RA&fileId=S002211208900073X",
eprint = "http://journals.cambridge.org/article_S002211208900073X",
}

@article{Fedorov:1998,
author = "Fedorov, AV and Melville, WK",
title = "Nonlinear gravity-capillary waves with forcing and dissipation",
journal = "Journal of Fluid Mechanics",
volume = "354",
pages = "1-42",
year = "1998",
doi = "null",
URL = "http://journals.cambridge.org/action/displayAbstract?fromPage=online&aid=13903&fulltextType=RA&fileId=S0022112097007453",
eprint = "http://journals.cambridge.org/article_S0022112097007453",
}

@article{Fedorovetal:1998,
Author = "Fedorov, AV and Melville, WK and Rozenberg, A",
Title = "An experimental and numerical study of parasitic capillary waves",
Journal = "Physics of Fluids",
Year = "1998",
Volume = "10",
Number = "6",
Pages = "1315-1323",
Month = "JUN",
ISSN = "1070-6631",
Unique-ID = "ISI:000075379000007",
}

@article{LH:1992,
author = "Longuet-Higgins, MS",
title = "Capillary rollers and bores",
journal = "Journal of Fluid Mechanics",
volume = "240",
pages = "659-679",
year = "1992",
doi = "10.1017/S0022112092000259",
URL = "http://journals.cambridge.org/action/displayAbstract?fromPage=online&aid=380911&fulltextType=RA&fileId=S0022112092000259",
eprint = "http://journals.cambridge.org/article_S0022112092000259",
}

@article{Qiao:2001,
author = "Qiao, H and Duncan, JH",
title = "Gentle spilling breakers: crest flow-field evolution",
journal = "Journal of Fluid Mechanics",
volume = "439",
pages = "57-85",
year = "2001",
doi = "10.1017/S0022112001004207",
URL = "http://journals.cambridge.org/action/displayAbstract?fromPage=online&aid=80925&fulltextType=RA&fileId=S0022112001004207",
eprint = "http://journals.cambridge.org/article_S0022112001004207",
}

@article{Caulliez:2002,
Author = "Caulliez, G",
Title = "Self-similarity of near-breaking short gravity wind waves",
Journal = "Physics of Fluids",
Year = "2002",
Volume = "14",
Number = "8",
Pages = "2917-2920",
Month = "AUG",
DOI = "10.1063/1.1487380",
ISSN = "1070-6631",
Unique-ID = "ISI:000177043000027",
}

@article{Duncan:1983b,
Author = "DUNCAN, JH",
Title = "An experimental investigation of breaking waves produced by a towed hydrofoil",
Journal = "Proceedings of the Royal Society of London A",
Year = "1981",
Volume = "377",
Number = "1770",
Pages = "331-\&",
Publisher = "ROYAL SOC LONDON",
Address = "6 CARLTON HOUSE TERRACE, LONDON, ENGLAND SW1Y 5AG",
Type = "Article",
Language = "English",
Affiliation = "JOHNS HOPKINS UNIV,BALTIMORE,MD 21218.",
ISSN = "1364-5021",
Subject-Category = "Multidisciplinary Sciences",
Number-of-Cited-References = "15",
Times-Cited = "108",
Journal-ISO = "Proc. R. Soc. London Ser. A-Math. Phys. Eng. Sci.",
Doc-Delivery-Number = "LX073",
Unique-ID = "ISI:A1981LX07300006",
}

@article{Duncan:1983,
author = "Duncan, JH",
title = "The breaking and non-breaking wave resistance of a two-dimensional hydrofoil",
journal = "Journal of Fluid Mechanics",
volume = "126",
pages = "507-520",
year = "1983",
doi = "10.1017/S0022112083000294",
URL = "http://journals.cambridge.org/action/displayAbstract?fromPage=online&aid=376133&fulltextType=RA&fileId=S0022112083000294",
eprint = "http://journals.cambridge.org/article_S0022112083000294",
}

@article{Miller:1999,
author = "Miller, M and Nennstiel,T and Duncan, JH and Dimas, AA and Pr\""o"stler, S",
title = "Incipient breaking of steady waves in  the presence of surface wakes",
journal = "Journal of Fluid Mechanics",
volume = "383",
pages = "285-305",
year = "1999",
doi = "null",
URL = "http://journals.cambridge.org/action/displayAbstract?fromPage=online&aid=14813&fulltextType=RA&fileId=S0022112098004029",
eprint = "http://journals.cambridge.org/article_S0022112098004029",
}

@article{Banner:2007,
author = "Banner, ML and Peirson, WL",
title = "Wave breaking onset and strength for two-dimensional deep-water wave groups",
journal = "Journal of Fluid Mechanics",
volume = "585",
pages = "93-115",
year = "2007",
doi = "10.1017/S0022112007006568",
URL = "http://journals.cambridge.org/action/displayAbstract?fromPage=online&aid=1285536&fulltextType=RA&fileId=S0022112007006568",
eprint = "http://journals.cambridge.org/article_S0022112007006568",
}

@article{Song:2002,
Author = "Song, JB and Banner, ML",
Title = "On determining the onset and strength of breaking for deep water waves Part I: Unforced irrotational wave groups",
Journal = "Journal of Physical Oceanography",
Year = "2002",
Volume = "32",
Number = "9",
Pages = "2541-2558",
Month = "SEP",
Unique-ID = "ISI:000177694700008",
}

@article{Banner:2002,
Author = "Banner, ML and Song, JB",
Title = "On determining the onset and strength of breaking for deep water waves Part II: Influence of wind forcing and surface shear",
Journal = "Journal of Physical Oceanography",
Year = "2002",
Volume = "32",
Number = "9",
Pages = "2559-2570",
Month = "SEP",
Unique-ID = "ISI:000177694700009",
}

@inproceedings{Tulin:2001,
author = "Tulin, MP and Landrini, M",
title = "Wave breaking in the ocean and around ships",
booktitle = "23rd Symposium on Naval Hydrodynamics",
pages = "713-745",
year = "2001",
}

@article{Lin:1995,
author = "Lin, JC and Rockwell, D",
title = "Evolution of a quasi-steady breaking wave",
journal = "Journal of Fluid Mechanics",
volume = "302",
pages = "29-44",
year = "1995",
doi = "10.1017/S0022112095003995",
URL = "http://journals.cambridge.org/action/displayAbstract?fromPage=online&aid=340063&fulltextType=RA&fileId=S0022112095003995",
eprint = "http://journals.cambridge.org/article_S0022112095003995",
}

@article{Dabiri:1997,
author = "Dabiri, D and Gharib, M",
title = "Experimental investigation of the vorticity generation within a spilling water wave",
journal = "Journal of Fluid Mechanics",
volume = "330",
pages = "113-139",
year = "1997",
doi = "null",
URL = "http://journals.cambridge.org/action/displayAbstract?fromPage=online&aid=13003&fulltextType=RA&fileId=S0022112096003692",
eprint = "http://journals.cambridge.org/article_S0022112096003692",
}

@article{Terray:1996,
Author = "Terray, EA and Donelan, MA and Agrawal, YC and Drennan, WM and Kahma,
   KK and Williams, AJ and Hwang, PA and Kitaigorodskii, SA",
Title = "Estimates of kinetic energy dissipation under breaking waves",
Journal = "Journal of Physical Oceanography",
Year = "1996",
Volume = "26",
Number = "5",
Pages = "792-807",
Month = "MAY",
ISSN = "0022-3670",
Unique-ID = "ISI:A1996UL08500009",
}

@article{Agrawal:1992,
Author = "Agrawal, YC and Terray, EA and Donelan, MA and Hwang, PA and Williams,
   AJ and Drennan, WM and Kahma, KK and Kitaigorodskii, SA",
Title = "Enhanced dissipation of kinetic-energy beneath surface waves",
Journal = "Nature",
Year = "1992",
Volume = "359",
Number = "6392",
Pages = "219-220",
Month = "SEP 17",
ISSN = "0028-0836",
Unique-ID = "ISI:A1992JN94400054",
}

@article{Gemmrich:2004,
Author = "Gemmrich, JR and Farmer, DM",
Title = "Near-surface turbulence in the presence of breaking waves",
Journal = "Journal of Physical Oceanography",
Year = "2004",
Volume = "34",
Number = "5",
Pages = "1067-1086",
Month = "MAY",
ISSN = "0022-3670",
Unique-ID = "ISI:000221606700006",
}

@article{Cheung:1988,
author = "Cheung, TK and Street, RL",
title = "The turbulent layer in the water at an air-water interface",
journal = "Journal of Fluid Mechanics",
volume = "194",
pages = "133-151",
year = "1988",
doi = "10.1017/S0022112088002927",
URL = "http://journals.cambridge.org/action/displayAbstract?fromPage=online&aid=394604&fulltextType=RA&fileId=S0022112088002927",
eprint = "http://journals.cambridge.org/article_S0022112088002927",
}

@article{Thais:1996,
author = "Thais, L and Magnaudet, J",
title = "Turbulent structure beneath surface gravity waves sheared by the wind",
journal = "Journal of Fluid Mechanics",
volume = "328",
pages = "313-344",
year = "1996",
doi = "10.1017/S0022112096008749",
URL = "http://journals.cambridge.org/action/displayAbstract?fromPage=online&aid=414030&fulltextType=RA&fileId=S0022112096008749",
eprint = "http://journals.cambridge.org/article_S0022112096008749",
}

@article{Thorpe:1995,
author = "Thorpe, SA",
title = "Dyanmical processes of transfer at the sea surface",
journal = "Progress in Oceanography",
volume = "35",
pages = "315-352",
year = "1995",
}

@article{Siddiqui:2007,
Author = "Siddiqui, MHK and Loewen, MR",
Title = "Characteristics of the wind drift layer and microscale breaking waves",
Journal = "Journal of Fluid Mechanics",
Year = "2007",
Volume = "573",
Pages = "417-456",
Month = "FEB 25",
DOI = "10.1017/S0022112006003892",
ISSN = "0022-1120",
Unique-ID = "ISI:000244635500019",
}

@article{Siddiqui:2001,
Author = "Siddiqui, MHK and Loewen, MR and Richardson, C and Asher, WE and
   Jessup, AT",
Title = "Simultaneous particle image velocimetry and infrared imagery of
   microscale breaking waves",
Journal = "Physics of Fluids",
Year = "2001",
Volume = "13",
Number = "7",
Pages = "1891-1903",
Month = "JUL",
ISSN = "1070-6631",
Unique-ID = "ISI:000169340700007",
}

@article{Melville:2002,
author = "Melville, WK and Veron, F and White, CJ",
title = "The velocity field under breaking waves: coherent structures and turbulence",
journal = "Journal of Fluid Mechanics",
volume = "454",
pages = "203-233",
year = "2002",
doi = "10.1017/S0022112001007078",
URL = "http://journals.cambridge.org/action/displayAbstract?fromPage=online&aid=99835&fulltextType=RA&fileId=S0022112001007078",
eprint = "http://journals.cambridge.org/article_S0022112001007078",
}

@article{Oh:2008,
author = "Oh, SH and Mizutani, N and Suh, KD",
title = "Laboratory observation of coherent structures beneath microscale and large-scale breaking waves under wind action",
journal = "Experimental Thermal and Fluid Science",
volume = "32",
pages = "1232-1247",
year = "2008",
}

@article{Huang:2009,
Author = "Huang, ZC and Hsiao, SC and Hwung, HH",
Title = "Observation of Coherent Turbulent Structure Under Breaking Wave",
Journal = "International Journal of Offshore and Polare Engineering",
Year = "2009",
Volume = "19",
Number = "1",
Pages = "15-22",
Month = "MAR",
ISSN = "1053-5381",
Unique-ID = "ISI:000264012800003",
}

@article{Duncan:1996,
author = "Duncan, JH and Dimas, AA",
title = "Surface ripples due to steady breaking waves",
journal = "Journal of Fluid Mechanics",
volume = "329",
pages = "309-339",
year = "1996",
}

@article{Iafrati:2005,
author = "Iafrati, A and Campana, EF",
title = "Free-surface fluctuations behind microbreakers: space-time behaviour and subsurface flow field",
journal = "Journal of Fluid Mechanics",
volume = "529",
pages = "311-347",
year = "2005",
doi = "10.1017/S0022112005003472",
URL = "http://journals.cambridge.org/action/displayAbstract?fromPage=online&aid=292780&fulltextType=RA&fileId=S0022112005003472",
eprint = "http://journals.cambridge.org/article_S0022112005003472",
}

@inproceedings{Coakley:1996,
author = "Coakely, D and Duncan, JH",
title = "The flow field in steady breaking waves",
booktitle = "21st Symposium on Naval Hydrodynamics",
pages = "534-550",
year = "1996",
}

@article{Melville:1998,
author = "Melville, WK and Shear, R and Fabrice, V",
title = "Laboratory measurements of the generation and evolution of Langmuir circulations",
journal = "Journal of Fluid Mechanics",
volume = "364",
pages = "31-58",
year = "1998",
}

@article{Watanabe:2005,
author = "Watanabe,Y and Saeki, H and Hosking, RJ",
title = "Three-dimensional vortex structures under breaking waves",
journal = "Journal of Fluid Mechanics",
volume = "545",
pages = "291-328",
year = "2005",
doi = "10.1017/S0022112005006774",
URL = "http://journals.cambridge.org/action/displayAbstract?fromPage=online&aid=358728&fulltextType=RA&fileId=S0022112005006774",
eprint = "http://journals.cambridge.org/article_S0022112005006774",
}

@article{Watanabe:2006,
Author = "Watanabe, Y and Hideshima, Y and Shigematsu, T and Takehara, K",
Title = "Application of three-dimensional hybrid stereoscopic particle image
   velocimetry to breaking waves",
Journal = "Measurement Science \& Technology",
Year = "2006",
Volume = "17",
Number = "6",
Pages = "1456-1469",
Month = "JUN",
DOI = "10.1088/0233/17/6/025",
ISSN = "0957-0233",
Unique-ID = "ISI:000238631900037",
}

@article{Tsai:2007,
Author = "Tsai, WT and Hung, LP",
Title = "Three-dimensional modeling of small-scale processes in the upper boundary layer bounded by a dynamic ocean surface",
Journal = "Journal of Geophysical Research - Oceans",
Year = "2007",
Volume = "112",
Number = "C02019",
DOI = "10.1029/2006JC003686",
}

@article{Brocchini:2001,
author = "Brocchini, M and Peregrine, DH",
title = "The dynamics of strong turbulence at free surfaces Part 1: Description",
journal = "Journal of Fluid Mechanics",
volume = "449",
pages = "225-254",
year = "2001",
doi = "10.1017/S0022112001006012",
URL = "http://journals.cambridge.org/action/displayAbstract?fromPage=online&aid=91325&fulltextType=RA&fileId=S0022112001006012",
eprint = "http://journals.cambridge.org/article_S0022112001006012",
}

@article{Sarpkaya:1996,
Author = "Sarpkaya, T",
Title = "Vorticity, free surface, and surfactants",
Journal = "Annual Review of Fluid Mechanics",
Year = "1996",
Volume = "28",
Pages = "83-128",
ISSN = "0066-4189",
Unique-ID = "ISI:A1996TR81500004",
}

@article{Gharib:1996,
author = "Gharib, M and Weigand, A",
title = "Experimental studies of vortex disconnection and connection at a free surface",
journal = "Journal of Fluid Mechanics",
volume = "321",
pages = "59-86",
year = "1996",
doi = "10.1017/S0022112096007641",
URL = "http://journals.cambridge.org/action/displayAbstract?fromPage=online&aid=413572&fulltextType=RA&fileId=S0022112096007641",
eprint = "http://journals.cambridge.org/article_S0022112096007641",
}

@article{Willert:1997,
author = "Willert, CE and Gharib, M",
title = "The interaction of spatially modulated vortex pairs with free surfaces",
journal = "Journal of Fluid Mechanics",
volume = "345",
pages = "227-250",
year = "1997",
doi = "null",
URL = "http://journals.cambridge.org/action/displayAbstract?fromPage=online&aid=13659&fulltextType=RA&fileId=S0022112097006265",
eprint = "http://journals.cambridge.org/article_S0022112097006265",
}

@article{Zhang:1999,
author = "Zhang, C and Shen, L and Yue, DKP",
title = "The mechanism of vortex connection at a free surface",
journal = "Journal of Fluid Mechanics",
volume = "384",
pages = "207-241",
year = "1999",
doi = "null",
URL = "http://journals.cambridge.org/action/displayAbstract?fromPage=online&aid=15031&fulltextType=RA&fileId=S0022112099004243",
eprint = "http://journals.cambridge.org/article_S0022112099004243",
}

@article{Dabiri:2001,
Author = "Dabiri, D and Gharib, M",
Title = "Simultaneous free-surface deformation and near-surface velocity
   measurements",
Journal = "Experiments in Fluids",
Year = "2001",
Volume = "30",
Number = "4",
Pages = "381-390",
Month = "APR",
ISSN = "0723-4864",
Unique-ID = "ISI:000168394300004",
}

@article{Dabiri:2003,
author = "Dabiri, D",
title = "On the interaction of a vertical shear layer with a free surface",
journal = "Journal of Fluid Mechanics",
volume = "480",
pages = "217-232",
year = "2003",
doi = "10.1017/S0022112002003671",
URL = "http://journals.cambridge.org/action/displayAbstract?fromPage=online&aid=149581&fulltextType=RA&fileId=S0022112002003671",
eprint = "http://journals.cambridge.org/article_S0022112002003671",
}

@article{Nagaosa:1999,
Author = "Nagaosa, R",
Title = "Direct numerical simulation of vortex structures and turbulent scalar
   transfer across a free surface in a fully developed turbulence",
Journal = "Physics of Fluids",
Year = "1999",
Volume = "11",
Number = "6",
Pages = "1581-1595",
Month = "JUN",
ISSN = "1070-6631",
Unique-ID = "ISI:000080384000029",
}

@article{VDW:2009,
Author = "Savelsberg, R and Van de Water, W",
Title = "Experiments on free-surface turbulence",
Journal = "Journal of Fluid Mechanics",
Year = "2009",
Volume = "619",
Pages = "95-125",
Month = "JAN 25",
DOI = "10.1017/S0022112008004369",
ISSN = "0022-1120",
Unique-ID = "ISI:000263528900004",
}

@article{VDW:2008,
Author = "Savelsberg, R and Van de Water, W",
Title = "Turbulence of a free surface",
Journal = "Physical Review Letters",
Year = "2008",
Volume = "100",
Number = "034501",
Month = "JAN 25",
DOI = "10.1103/PhysRevLett.100.034501",
Article-Number = "034501",
ISSN = "0031-9007",
Unique-ID = "ISI:000252698100039",
}

@book{Lamb:1932,
Author = "Lamb, H",
Title = "Hydrodynamics",
Publisher = "Dover",
Pages = "738",
Year = "1932",
}

@book{Stoker:1957,
Author = "Stoker, JJ",
Title = "Water Waves, the Mathematical Theory with Applications",
Publisher = "Wiley-Interscience",
Pages = "567",
Year = "1957",
}

@inproceedings{Russell:1838,
Author = "Russell, JS",
Title = "Report of the Committee on Waves",
Booktitle = "Rep. Meet. Brit. Assoc. Adv. Sci., Liverpool 1837",
Pages = "417-496",
Year = "1838",
}

@article{Bous:1872,
Author = "Boussinesq, J",
Title = "Th\'"e"orie des ondes et des ramous qui se propagent le long d'un canal rectangulaire horizontal",
Journal = "J. Maths Pure Appl.",
Year = "1872",
Volume = "17",
Pages = "55-108",
}

@article{KdV:1895,
Author = "Korteweg, DJ and De Vries, G",
Title = "On the change of form of long waves advancing in a rectangular canal, and on a new type of long stationary wave",
Journal = "Phil. Mag.",
Year = "1895",
Pages = "422-433",
}

@article{Yuen:1975,
Author = "Yuen, HC and Lake, BM",
Title = "Nonlinear deep-water waves - theory and experiment",
Journal = "Physics of Fluids",
Year = "1975",
Volume = "18",
Number = "8",
Pages = "956-960",
ISSN = "1070-6631",
Unique-ID = "ISI:A1975AM37000007",
}

@article{Chu:1970,
author = "Chu, VH and Mei, CC",
title = "On slowly-varying Stokes waves",
journal = "Journal of Fluid Mechanics",
volume = "41",
number = "04",
pages = "873-887",
year = "1970",
doi = "10.1017/S0022112070000988",
URL = "http://journals.cambridge.org/action/displayAbstract?fromPage=online&aid=383010&fulltextType=RA&fileId=S0022112070000988",
eprint = "http://journals.cambridge.org/article_S0022112070000988",
}

@article{Chu:1971,
author = "Chu, VH and Mei, CC",
title = "The non-linear evolution of Stokes waves in deep water",
journal = "Journal of Fluid Mechanics",
volume = "47",
number = "02",
pages = "337-351",
year = "1971",
doi = "10.1017/S0022112071001095",
URL = "http://journals.cambridge.org/action/displayAbstract?fromPage=online&aid=366739&fulltextType=RA&fileId=S0022112071001095",
eprint = "http://journals.cambridge.org/article_S0022112071001095",
}

@article{Akylas:1993,
Author = "Akylas, TR",
Title = "Envelope solitons with stationary crests",
Journal = "Physics of Fluids A",
Year = "1993",
Volume = "5",
Number = "4",
Pages = "789-791",
Month = "APR",
ISSN = "0899-8213",
Unique-ID = "ISI:A1993KU14800001",
}

@article{LH:1993,
author = "Longuet-Higgins, MS",
title = "Capillary-gravity waves of solitary type and envelope solitons on deep water",
journal = "Journal of Fluid Mechanics",
volume = "252",
pages = "703-711",
year = "1993",
doi = "10.1017/S0022112093003945",
URL = "http://journals.cambridge.org/action/displayAbstract?fromPage=online&aid=350010&fulltextType=RA&fileId=S0022112093003945",
eprint = "http://journals.cambridge.org/article_S0022112093003945",
}

@article{Dias:1999,
Author = "Dias, F and Kharif, C",
Title = "Nonlinear gravity and capillary-gravity waves",
Journal = "Annual Review of Fluid Mechanics",
Year = "1999",
Volume = "31",
Pages = "301-346",
ISSN = "0066-4189",
Unique-ID = "ISI:000078462900009",
}

@article{Satsuma:1979,
Author = "Satsuma, J and Ablowitz, MJ",
Title = "Two-dimensional lumps in non-linear dispersive systems",
Journal = "Journal of Mathematical Physics",
Year = "1979",
Volume = "20",
Number = "7",
Pages = "1496-1503",
ISSN = "0022-2488",
Unique-ID = "ISI:A1979HF33400037",
}

@article{Berger:2000,
Author = "Berger, KM and Milewski, PA",
Title = "The generation and evolution of lump solitary waves in
   surface-tension-dominated flows",
Journal = "Journal of Applied Mathematics",
Year = "2000",
Volume = "61",
Number = "3",
Pages = "731-750",
Month = "OCT 25",
ISSN = "0036-1399",
Unique-ID = "ISI:000090048300001",
}

@article{Akylas:2005,
author = "Kim, B and Akylas, TR",
title = "On gravity-capillary lumps",
journal = "Journal of Fluid Mechanics",
volume = "540",
pages = "337-351",
year = "2005",
doi = "10.1017/S0022112005005823",
URL = "http://journals.cambridge.org/action/displayAbstract?fromPage=online&aid=340420&fulltextType=RA&fileId=S0022112005005823",
eprint = "http://journals.cambridge.org/article_S0022112005005823",
}

@article{Benney:1969,
Author = "Benney, DJ and Roskes, GJ",
Title = "Wave instabilities",
Journal = "Studies in Applied Mathematics",
Year = "1969",
Volume = "48",
Number = "4",
Pages = "377-\&",
ISSN = "0022-2526",
Unique-ID = "ISI:A1969F084600007",
}

@article{Davey:1974,
Author = "Davey, A and Stewartson, K",
Title = "On three-dimensional packets of surface-waves",
Journal = "Proceedings of the Royal Society A",
Year = "1974",
Volume = "338",
Number = "1613",
Pages = "101-110",
ISSN = "1364-5021",
Unique-ID = "ISI:A1974T227700001",
}

@article{Parau:2005a,
author = "P\u"a"r\u"a"u, EI and Vanden-Broeck, JM and Cooker, MJ",
title = "Nonlinear three-dimensional gravity-capillary solitary waves",
journal = "Journal of Fluid Mechanics",
volume = "536",
pages = "99-105",
year = "2005a",
}

@article{Milewski:2005,
Author = "Milewski, PA",
Title = "Three-dimensional localized solitary gravity-capillary waves",
Journal = "Communications in Mathematical Sciences",
Year = "2005",
Volume = "3",
Number = "1",
Pages = "89-99",
Month = "MAR",
ISSN = "1539-6746",
Unique-ID = "ISI:000235527100006",
}

@article{Akylas:2006,
author = "Kim, B and Akylas, TR",
title = "On gravity-capillary lumps Part 2: Two-dimensional Benjamin equation",
journal = "Journal of Fluid Mechanics",
volume = "557",
pages = "237-256",
year = "2006",
doi = "10.1017/S0022112006009773",
URL = "http://journals.cambridge.org/action/displayAbstract?fromPage=online&aid=446186&fulltextType=RA&fileId=S0022112006009773",
eprint = "http://journals.cambridge.org/article_S0022112006009773",
}

@article{Benjamin:1992,
author = "Benjamin, TB",
title = "A new kind of solitary wave",
journal = "Journal of Fluid Mechanics",
volume = "245",
pages = "401-411",
year = "1992",
doi = "10.1017/S002211209200051X",
URL = "http://journals.cambridge.org/action/displayAbstract?fromPage=online&aid=380991&fulltextType=RA&fileId=S002211209200051X",
eprint = "http://journals.cambridge.org/article_S002211209200051X",
}

@article{Parau:2007a,
author = "P\u"a"r\u"a"u, EI and Vanden-Broeck, JM and Cooker, MJ",
title = "Nonlinear three-dimensional interfacial flows with a free surface",
journal = "Journal of Fluid Mechanics",
volume = "591",
pages = "481-494",
year = "2007a",
doi = "10.1017/S0022112007008452",
URL = "http://journals.cambridge.org/action/displayAbstract?fromPage=online&aid=1402084&fulltextType=RA&fileId=S0022112007008452",
eprint = "http://journals.cambridge.org/article_S0022112007008452",
}

@article{Akers:2008,
Author = "Akers, B and Milewski, PA",
Title = "Model equations for gravity-capillary waves in deep water",
Journal = "Studies in Applied Mathematics",
Year = "2008",
Volume = "121",
Number = "1",
Pages = "49-69",
Month = "JUL",
ISSN = "0022-2526",
Unique-ID = "ISI:000257675000003",
}

@article{Akylas:2008,
Author = "Akylas, TR and Cho, Y",
Title = "On the stability of lumps and wave collapse in water waves",
Journal = "Philosophical Transactions of the Royal Society A",
Year = "2008",
Volume = "366",
Number = "1876",
Pages = "2761-2774",
Month = "AUG 13",
DOI = "10.1098/rsta.2008.0047",
ISSN = "1364-503X",
Unique-ID = "ISI:000257514500009",
}

@article{Maleewong:2005,
Author = "Maleewong, M and Grimshaw, R and Asavanant, J",
Title = "Free surface flow under gravity and surface tension due to an applied
   pressure distribution II: Bond number less than one-third",
Journal = "European Journal of Mechanics B - Fluids",
Year = "2005",
Volume = "24",
Number = "4",
Pages = "502-521",
Month = "JUL-AUG",
DOI = "10.1016/j.euromechflu.2005.01.003",
ISSN = "0997-7546",
Unique-ID = "ISI:000229238600009",
}

@article{Parau:2007b,
Author = "P\u"a"r\u"a"u, EI and Vanden-Broeck, JM and Cooker, MJ",
Title = "Three-dimensional capillary-gravity waves generated by a moving
   disturbance",
Journal = "Physics of Fluids",
Year = "2007b",
Volume = "19",
Number = "8",
Month = "AUG",
DOI = "10.1063/1.2750293",
Article-Number = "082102",
ISSN = "1070-6631",
Unique-ID = "ISI:000249156500004",
}

@article{Parau:2005b,
Author = "P\u"a"r\u"a"u, EI and Vanden-Broeck, JM and Cooker, MJ",
Title = "Three-dimensional gravity-capillary solitary waves in water of finite depth and related problems",
Journal = "Physics of Fluids",
Year = "2005b",
Volume = "17",
Number = "12",
Month = "DEC",
DOI = "10.1063/1.2140020",
Article-Number = "122101",
ISSN = "1070-6631",
Unique-ID = "ISI:000234214800006",
}

@article{Zhang:1995,
author = "Zhang, X",
title = "Capillary-gravity and capillary waves generated in a wind wave tank: observations and theories",
journal = "Journal of Fluid Mechanics",
volume = "289",
pages = "51-82",
year = "1995",
doi = "10.1017/S0022112095001236",
URL = "http://journals.cambridge.org/action/displayAbstract?fromPage=online&aid=353999&fulltextType=RA&fileId=S0022112095001236",
eprint = "http://journals.cambridge.org/article_S0022112095001236",
}

@article{Zhang:1997,
Author = "Longuet-Higgins, M and Zhang, X",
Title = "Experiments on capillary-gravity waves of solitary type on deep water",
Journal = "Physics of Fluids",
Year = "1997",
Volume = "9",
Number = "7",
Pages = "1963-1968",
Month = "JUL",
ISSN = "1070-6631",
Unique-ID = "ISI:A1997XH28700012",
}

@article{Zhu:2008,
Author = "Zhu, GZ and Li, ZH and Fu, DY",
Title = "Experiments on ring wave packet generated by water drop",
Journal = "Chinese Science Bulletin",
Year = "2008",
Volume = "53",
Number = "11",
Pages = "1634-1638",
Month = "JUN",
DOI = "10.1007/s11434-008-0246-0",
ISSN = "1001-6538",
Unique-ID = "ISI:000256188200003",
}

@article{Diorio:2009,
Author = "Diorio, JD and Liu, X and Duncan, JH",
Title = "An experimental investigation of incipient spilling breakers",
Journal = "Journal of Fluid Mechanics",
Year = "2009b",
Volume = "633",
Pages = "271-283"
}

@unpublished"Diorio:2009a,
Author = "Diorio, JD and Cho, Y and Duncan, JH and Akylas, TR",
Title = "Gravity-capillary lumps generated by a moving pressure source",
Note = "submitted",
Year = "2009a",
}

@article{Mui:1995,
Author = "Mui, RCY and Dommermuth, DG",
Title = "The vortical structure of parasitic capillary waves",
Journal = "Journal of Fluids Engineering",
Year = "1995",
Volume = "117",
Number = "3",
Pages = "355-361",
Month = "SEP",
ISSN = "0098-2202",
Unique-ID = "ISI:A1995TT08400005",
}

@article{LH:1978,
Author = "Longuet-Higgins, MS",
Title = "Instabilities of gravity-waves of finite-amplitude in deep water 2:
   subharmonics",
Journal = "Proceedings of the Royal Society of London Series A",
Year = "1978",
Volume = "360",
Number = "1703",
Pages = "489-505",
ISSN = "1364-5021",
Unique-ID = "ISI:A1978EW69900003",
}

@article{Crapper:1957,
author = "Crapper, GD",
title = "An exact solution for progressive capillary waves of arbitrary amplitude",
journal = "Journal of Fluid Mechanics",
volume = "2",
number = "6",
pages = "532-540",
year = "1957",
doi = "10.1017/S0022112057000348",
URL = "http://journals.cambridge.org/action/displayAbstract?fromPage=online&aid=367237&fulltextType=RA&fileId=S0022112057000348",
eprint = "http://journals.cambridge.org/article_S0022112057000348",
}

@unpublished"Steinbach:2001,
author = "Steinbach, T and Liu, X and Duncan, JH",
title = "The cross-stream crest profile of gentle spilling breakers",
year = "2001",
note = "unpublished",
}

@article{LH:1977,
Author = "Longuet-Higgins, MS and Fox, MJH",
Title = "Theory of the almost-highest wave: the inner solution",
Journal = "Journal of Fluid Mechanics",
Year = "1977",
Volume = "80",
Number = "4",
Pages = "721-741",
}

@article{LH:1994b,
Author = "Longuet-Higgins, MS",
Title = "Shear instability in spilling breakers",
Journal = "Proceedings of the Royal Society of London, A",
Year = "1994",
Volume = "446",
Pages = "399-409",
}

@article{Akers:2009,
Author = "Akers, B and Milewski, PA",
Title = "A model equation for wavepacket solitary waves arising from capillary-gravity flows",
Journal = "Studies in Applied Mathematics",
Year = "2009",
Volume = "122",
Pages = "249-274",
}

@article{Smith:1996,
author = "Smith, MJ and Poulter, EM and McGregor, JA",
title = "Doppler radar measurements of wave groups and breaking waves",
journal = "Journal of Geophysical Research",
year = "1996",
volume = "101",
number = "C6",
pages = "14,269--14,282",
}

@article{Plant:1999,
author = "Plant, WJ and Dahl, PH and Keller, WC",
title = "Microwave and acoustic scattering from parasitic capillary waves",
journal = "Journal of Geophysical Research",
year = "1999",
volume = "104",
number = "C11",
pages = "25,853--25,866",
}

@article{Banner:1985,
author = "Banner, ML and Fooks, EH",
title = "On the microwave reflectivity of small-scale breaking water waves",
journal = "Proceedings of the Royal Society of London, A",
year = "1985",
volume = "399",
pages = "93--109",
}

@book{Bhattacharyya:2003,
editor = "Bhattacharyya, R and McCormick, ME",
title = "Wave energy conversion",
series = "Elsevier Ocean Engineering Book Series Volume 6",
number = "",
publisher = "Elsevier",
year = "2003",
}

@techreport{Petzler:1984,
author = "Petzler, R",
title = "White-water wake characteristics of surface vessels", 
type = "Memorandum Report 5335",
institution = "Naval Research Laboratory",
address = "Washington, DC",
year = "1984",
month = "June",
}
