
@article{efron1979computers,
  title={Computers and the theory of statistics: thinking the unthinkable},
  author={Efron, Bradley},
  journal={SIAM review},
  volume={21},
  number={4},
  pages={460--480},
  year={1979},
  publisher={SIAM}
}

@article{rubin1981bayesian,
  title={The bayesian bootstrap},
  author={Rubin, Donald B},
  journal={The annals of statistics},
  pages={130--134},
  year={1981},
  publisher={JSTOR}
}

@article{xiong2016probabilistic,
  title={Probabilistic estimation of short sequence expression using RNA-Seq data and the “positional bootstrap”},
  author={Xiong, Hui Y and Lee, Leo J and Bretschneider, Hannes and Gao, Jiexin and Jojic, Nebojsa and Frey, Brendan J},
  journal={bioRxiv},
  pages={046474},
  year={2016},
  publisher={Cold Spring Harbor Laboratory}
}

@article{zhu2019nonparametric,
  title={Nonparametric expression analysis using inferential replicate counts},
  author={Zhu, Anqi and Srivastava, Avi and Ibrahim, Joseph G and Patro, Rob and Love, Michael I},
  journal={Nucleic Acids Research},
  volume={47},
  number={18},
  pages={e105--e105},
  year={2019},
  publisher={Oxford University Press}
}

@inproceedings{xin2013accelerating,
  title={Accelerating read mapping with FastHASH},
  author={Xin, Hongyi and Lee, Donghyuk and Hormozdiari, Farhad and Yedkar, Samihan and Mutlu, Onur and Alkan, Can},
  booktitle={BMC genomics},
  volume={14},
  number={S1},
  pages={S13},
  year={2013},
  organization={Springer}
}

@article{Manber:1993:Suffix,
  title={Suffix arrays: a new method for on-line string searches},
  author={Manber, Udi and Myers, Gene},
  journal={siam Journal on Computing},
  volume={22},
  number={5},
  pages={935--948},
  year={1993},
  publisher={SIAM}
}

@inproceedings{ju2017fleximer,
  title={Fleximer: Accurate quantification of RNA-Seq via variable-length k-mers},
  author={Ju, Chelsea J-T and Li, Ruirui and Wu, Zhengliang and Jiang, Jyun-Yu and Yang, Zhao and Wang, Wei},
  booktitle={Proceedings of the 8th ACM International Conference on Bioinformatics, Computational Biology, and Health Informatics},
  pages={263--272},
  year={2017}
}

@article{shen2014rmats,
  title={{rMATS: robust and flexible detection of differential alternative splicing from replicate RNA-Seq data}},
  author={Shen, Shihao and Park, Juw Won and Lu, Zhi-xiang and Lin, Lan and Henry, Michael D and Wu, Ying Nian and Zhou, Qing and Xing, Yi},
  journal={{Proceedings of the National Academy of Sciences}},
  volume={111},
  number={51},
  pages={E5593--E5601},
  year={2014},
  publisher={National Acad Sciences}
}

@article{zhang2014rna,
  title={{RNA-Skim: a rapid method for RNA-Seq quantification at transcript level}},
  author={Zhang, Zhaojun and Wang, Wei},
  journal={Bioinformatics},
  volume={30},
  number={12},
  pages={i283--i292},
  year={2014},
  publisher={Oxford Univ Press}
}

@article{axtell2014butter,
  title={{Butter: High-precision genomic alignment of small RNA-seq data}},
  author={Axtell, Michael J},
  journal={{bioRxiv}},
  pages={007427},
  year={2014},
  publisher={Cold Spring Harbor Labs Journals}
}

@article{vaquero2016new,
  title={{A new view of transcriptome complexity and regulation through the lens of local splicing variations}},
  author={Vaquero-Garcia, Jorge and Barrera, Alejandro and Gazzara, Matthew R and Gonzalez-Vallinas, Juan and Lahens, Nicholas F and Hogenesch, John B and Lynch, Kristen W and Barash, Yoseph},
  journal={Elife},
  volume={5},
  pages={e11752},
  year={2016},
  publisher={{eLife Sciences Publications Limited}}
}

@misc{xxhash,
  title = {{xxHash} --- {E}xtremely fast hash algorithm},
  author = {Cyan},
  howpublished = {\url{http://cyan4973.github.io/xxHash/}},
  year = {2018},
  note = {Accessed: 2018-04-30}
}


@article{davidson2015jaffa,
  title={{JAFFA: High sensitivity transcriptome-focused fusion gene detection}},
  author={Davidson, Nadia M and Majewski, Ian J and Oshlack, Alicia},
  journal={Genome medicine},
  volume={7},
  number={1},
  pages={43},
  year={2015},
  publisher={{BioMed Central}}
}

@article{wu2010fast,
  title={{Fast and SNP-tolerant detection of complex variants and splicing in short reads}},
  author={Wu, Thomas D and Nacu, Serban},
  journal={Bioinformatics},
  volume={26},
  number={7},
  pages={873--881},
  year={2010},
  publisher={{Oxford Univ Press}}
}
@article{maq,
  title={Mapping short DNA sequencing reads and calling variants using mapping quality scores},
  author={Li, Heng and Ruan, Jue and Durbin, Richard},
  journal={Genome research},
  volume={18},
  number={11},
  pages={1851--1858},
  year={2008},
  publisher={Cold Spring Harbor Lab}
}

@article{zaharia2011faster,
  title={{Faster and more accurate sequence alignment with SNAP}},
  author={Zaharia, Matei and Bolosky, William J and Curtis, Kristal and Fox, Armando and Patterson, David and Shenker, Scott and Stoica, Ion and Karp, Richard M and Sittler, Taylor},
  journal={{arXiv preprint arXiv:1111.5572}},
  year={2011}
}

@article{li2011rsem,
  title={{RSEM: accurate transcript quantification from RNA-Seq data with or without a reference genome}},
  author={Li, Bo and Dewey, Colin N},
  journal={BMC bioinformatics},
  volume={12},
  number={1},
  pages={323},
  year={2011},
  publisher={BioMed Central}
}

@article{palmer2006cell,
  title={Cell-type specific gene expression profiles of leukocytes in human peripheral blood},
  author={Palmer, Chana and Diehn, Maximilian and Alizadeh, Ash A and Brown, Patrick O},
  journal={BMC genomics},
  volume={7},
  number={1},
  pages={115},
  year={2006},
  publisher={BioMed Central}
}

@article{wang2008transcriptome,
  title={Transcriptome-wide identification of novel imprinted genes in neonatal mouse brain},
  author={Wang, Xu and Sun, Qi and McGrath, Sean D and Mardis, Elaine R and Soloway, Paul D and Clark, Andrew G},
  journal={PloS one},
  volume={3},
  number={12},
  pages={e3839},
  year={2008},
  publisher={Public Library of Science}
}

@article{wang2008alternative,
  title={Alternative isoform regulation in human tissue transcriptomes},
  author={Wang, Eric T and Sandberg, Rickard and Luo, Shujun and Khrebtukova, Irina and Zhang, Lu and Mayr, Christine and Kingsmore, Stephen F and Schroth, Gary P and Burge, Christopher B},
  journal={Nature},
  volume={456},
  number={7221},
  pages={470--476},
  year={2008},
  publisher={Nature Publishing Group}
}

@article{weese2012razers,
  title={{RazerS 3: faster, fully sensitive read mapping}},
  author={Weese, David and Holtgrewe, Manuel and Reinert, Knut},
  journal={Bioinformatics},
  volume={28},
  number={20},
  pages={2592--2599},
  year={2012},
  publisher={Oxford Univ Press}
}

@article{siragusa2013fast,
  title={{Fast and accurate read mapping with approximate seeds and multiple backtracking}},
  author={Siragusa, Enrico and Weese, David and Reinert, Knut},
  journal={Nucleic acids research},
  volume={41},
  number={7},
  pages={e78--e78},
  year={2013},
  publisher={Oxford Univ Press}
}

@article{smith1981identification,
  title={Identification of common molecular subsequences},
  author={Smith, Temple F and Waterman, Michael S},
  journal={Journal of molecular biology},
  volume={147},
  number={1},
  pages={195--197},
  year={1981},
  publisher={Elsevier}
}

@inproceedings{ferragina2000opportunistic,
  title={Opportunistic data structures with applications},
  author={Ferragina, Paolo and Manzini, Giovanni},
  booktitle={Foundations of Computer Science, 2000. Proceedings. 41st Annual Symposium on},
  pages={390--398},
  year={2000},
  organization={IEEE}
}

@article{bowtie,
  title={{Ultrafast and memory-efficient alignment of short DNA sequences to the human genome}},
  author={Langmead, Ben and Trapnell, Cole and Pop, Mihai and Salzberg, Steven L and others},
  journal={Genome Biology},
  volume={10},
  number={3},
  pages={R25},
  year={2009}
}

@misc{bwamem,
  title={Aligning sequence reads, clone sequences and assembly contigs with BWA-MEM},
  author={Li, Heng},
  journal={arXiv preprint arXiv:1303.3997},
  year={2013}
}

@article{Schaeffer2017,
  year  = {2017},
  month = {{Feb}},
  doi = {https://doi.org/10.1093/bioinformatics/btx106},
  publisher = {Oxford University Press ({OUP})},
  author = {L. Schaeffer and H. Pimentel and N. Bray and P. Melsted and L. Pachter},
  title = {{Pseudoalignment for metagenomic read assignment}},
  journal = {Bioinformatics}
}

@article{ismb2017factorization,
  title={{Improved data-driven likelihood factorizations for transcript abundance estimation}},
  author={Zakeri, Mohsen and Srivastava, Avi and Almodaresi, Fatemeh and Patro, Rob},
  journal={Bioinformatics},
  note={(Proceedings of ISMB 2017, in press)},
  year={2017},
  publisher={Oxford Univ Press}
}

@article{myers1999fast,
  title={A fast bit-vector algorithm for approximate string matching based on dynamic programming},
  author={Myers, Gene},
  journal={Journal of the ACM (JACM)},
  volume={46},
  number={3},
  pages={395--415},
  year={1999},
  publisher={ACM}
}

@article{nicorici2014fusioncatcher,
  title={{FusionCatcher-a tool for finding somatic fusion genes in paired-end RNA-sequencing data}},
  author={Nicorici, Daniel and Satalan, Mihaela and Edgren, Henrik and Kangaspeska, Sara and Murumagi, Astrid and Kallioniemi, Olli and Virtanen, Sami and Kilkku, Olavi},
  journal={{bioRxiv}},
  pages={011650},
  year={2014},
  publisher={{Cold Spring Harbor Labs Journals}}
}
@article{seqc2014comprehensive,
  title={A comprehensive assessment of RNA-seq accuracy, reproducibility and information content by the Sequencing Quality Control Consortium},
  author={Seqc/Maqc-Iii Consortium and others},
  journal={Nature biotechnology},
  volume={32},
  number={9},
  pages={903--914},
  year={2014},
  publisher={Nature Research}
}

@article{Turro2011Haplotype,
  title={{Haplotype and isoform specific expression estimation using multi-mapping RNA-seq reads}},
  author={Turro, Ernest and Su, Shu-Yi and Gon{\c{c}}alves, {\^A}ngela and Coin, Lachlan JM and Richardson, Sylvia and Lewin, Alex},
  journal={{Genome Biology}},
  volume={12},
  number={2},
  pages={1},
  year={2011},
  publisher={BioMed Central}
}

@article{bitseq,
  title={{Identifying differentially expressed transcripts from RNA-seq data with biological variation}},
  author={Glaus, Peter and Honkela, Antti and Rattray, Magnus},
  journal={Bioinformatics},
  volume={28},
  number={13},
  pages={1721--1728},
  year={2012},
  publisher={{Oxford Univ Press}}
}

@article{tigar,
  title={{TIGAR: transcript isoform abundance estimation method with gapped alignment of RNA-Seq data by variational Bayesian inference}},
  author={Nariai, Naoki and Hirose, Osamu and Kojima, Kaname and Nagasaki, Masao},
  journal={Bioinformatics},
  pages={btt381},
  year={2013},
  publisher={{Oxford Univ Press}}
}

@article{Teng2016Benchmark,
  title={{A benchmark for RNA-seq quantification pipelines}},
  author={Teng, Mingxiang and Love, Michael I and Davis, Carrie A and Djebali, Sarah and Dobin, Alexander and Graveley, Brenton R and Li, Sheng and Mason, Christopher E and Olson, Sara and Pervouchine, Dmitri and others},
  journal={Genome biology},
  volume={17},
  number={1},
  pages={1},
  year={2016},
  publisher={BioMed Central}
}

@article{salzman2011statistical,
  title={{Statistical modeling of RNA-Seq data}},
  author={Salzman, Julia and Jiang, Hui and Wong, Wing Hung},
  journal={Statistical science: a review journal of the Institute of Mathematical Statistics},
  volume={26},
  number={1},
  year={2011},
  publisher={NIH Public Access}
}

@article{Srivastava2016RapMap,
  doi = {10.1093/bioinformatics/btw277},
  url = {http://dx.doi.org/10.1093/bioinformatics/btw277},
  year  = {2016},
  publisher = {Oxford University Press ({OUP})},
  volume = {32},
  number = {12},
  pages = {i192--i200},
  author = {Avi Srivastava and Hirak Sarkar and Nitish Gupta and Rob Patro},
  title = {{RapMap}: a rapid,  sensitive and accurate tool for mapping {RNA}-seq reads to transcriptomes},
  journal = {Bioinformatics}
}

@article{frazee2015polyester,
  title={{Polyester: simulating RNA-seq datasets with differential transcript expression}},
  author={Frazee, Alyssa C and Jaffe, Andrew E and Langmead, Ben and Leek, Jeffrey T},
  journal={Bioinformatics},
  volume={31},
  number={17},
  pages={2778--2784},
  year={2015},
  publisher={Oxford Univ Press}
}

@article{Lappalainen2013Transcriptome,
  title={{Transcriptome and genome sequencing uncovers functional variation in humans}},
  author={Lappalainen, Tuuli and Sammeth, Michael and Friedl{\"a}nder, Marc R and A. C. 't Hoen, Peter and Monlong, Jean and Rivas, Manuel A and Gonz{\`a}lez-Porta, Mar and Kurbatova, Natalja and Griebel, Thasso and Ferreira, Pedro G and others},
  journal={Nature},
  volume={501},
  number={7468},
  pages={506--511},
  year={2013},
  publisher={Nature Publishing Group}
}

@article{Nicolae2011Estimation,
  title={{Estimation of alternative splicing isoform frequencies from RNA-Seq data.}},
  author={Nicolae, Marius and Mangul, Serghei and Mandoiu, Ion I and Zelikovsky, Alex},
  journal={Algorithms for Molecular Biology},
  volume={6},
  number={1},
  pages={9},
  year={2011}
}

@article{Pertea2015Stringtie,
  title={{StringTie enables improved reconstruction of a transcriptome from RNA-seq reads}},
  author={Pertea, Mihaela and Pertea, Geo M and Antonescu, Corina M and Chang, Tsung-Cheng and Mendell, Joshua T and Salzberg, Steven L},
  journal={{Nature Biotechnology}},
  volume={33},
  number={3},
  pages={290--295},
  year={2015},
  publisher={Nature Publishing Group}
}

@article{grabherr2011full,
  title={{Full-length transcriptome assembly from RNA-Seq data without a reference genome}},
  author={Grabherr, Manfred G and Haas, Brian J and Yassour, Moran and Levin, Joshua Z and Thompson, Dawn A and Amit, Ido and Adiconis, Xian and Fan, Lin and Raychowdhury, Raktima and Zeng, Qiandong and others},
  journal={{Nature Biotechnology}},
  volume={29},
  number={7},
  pages={644--652},
  year={2011},
  publisher={Nature Publishing Group}
}

@article {reproflows,
  author = {Beaulieu-Jones, Brett K and Greene, Casey S},
  title = {Reproducible Computational Workflows with Continuous Analysis},
  year = {2016},
  doi = {10.1101/056473},
  publisher = {Cold Spring Harbor Labs Journals},
  URL = {http://biorxiv.org/content/early/2016/08/11/056473},
  eprint = {http://biorxiv.org/content/early/2016/08/11/056473.full.pdf},
  journal = {bioRxiv}
}

@misc{homebrewscience,
  doi = {10.7490/f1000research.1112681.1},
  url = {https://doi.org/10.7490/f1000research.1112681.1},
  author = {Shaun Jackman and Inanc Birol},
  publisher = {F1000Research},
  title = {Linuxbrew and Homebrew~for cross-platform package management~},
  year = {2016}
}

@article{nextflow,
author = "Paolo Di Tommaso and Maria Chatzou and Pablo Prieto Baraja and Cedric Notredame",
title = "{A novel tool for highly scalable computational pipelines}",
year = "2014",
month = "12",
url = "https://figshare.com/articles/A_novel_tool_for_highly_scalable_computational_pipelines/1254958",
doi = "10.6084/m9.figshare.1254958.v2"
}

@article{Griebel2012Modelling,
  title={{Modelling and simulating generic RNA-Seq experiments with the flux simulator}},
  author={Griebel, Thasso and Zacher, Benedikt and Ribeca, Paolo and Raineri, Emanuele and Lacroix, Vincent and Guig{\'o}, Roderic and Sammeth, Michael},
  journal={Nucleic Acids Research},
  volume={40},
  number={20},
  pages={10073--10083},
  year={2012},
  publisher={Oxford Univ Press}
}

@article{Cappe2011Online,
  title={{Online expectation-maximisation}},
  author={Capp{\'e}, Olivier},
  journal={Mixtures: Estimation and Applications},
  pages={1--53},
  year={2011},
  publisher={Wiley}
}

@article{Langmead2012Fast,
  title={{Fast gapped-read alignment with Bowtie 2}},
  author={Langmead, Ben and Salzberg, Steven L},
  journal={Nature Methods},
  volume={9},
  number={4},
  pages={357--359},
  year={2012},
  publisher={Nature Publishing Group}
}

@article{Lovell2015Proportionality,
  title={{Proportionality: a valid alternative to correlation for relative data}},
  author={Lovell, David and Pawlowsky-Glahn, Vera and Egozcue, Juan Jos{\'e} and Marguerat, Samuel and B{\"a}hler, J{\"u}rg},
  journal={PLoS Computational Biology},
  volume={11},
  number={3},
  pages={e1004075},
  year={2015},
  publisher={Public Library of Science (PLoS)}
}

@article{Hsieh2015Passcode,
  title={{PASSCoDe: Parallel ASynchronous Stochastic dual Co-ordinate Descent}},
  author={Hsieh, Cho-Jui and Yu, Hsiang-Fu and Dhillon, Inderjit S},
  journal={arXiv preprint arXiv:1504.01365},
  year={2015}
}

@inproceedings{Li2014Cuckoo,
  title={{Algorithmic improvements for fast concurrent cuckoo hashing}},
  author={Li, Xiaozhou and Andersen, David G and Kaminsky, Michael and Freedman, Michael J},
  booktitle={{Proceedings of the Ninth European Conference on Computer Systems}},
  pages={27},
  year={2014},
  organization={ACM}
}

@article{Li2009Fast,
  title={{Fast and accurate short read alignment with Burrows--Wheeler transform}},
  author={Li, Heng and Durbin, Richard},
  journal={Bioinformatics},
  volume={25},
  number={14},
  pages={1754--1760},
  year={2009},
  publisher={Oxford Univ Press}
}

@article{cufflinks,
  title={{Transcript assembly and quantification by RNA-Seq reveals unannotated transcripts and isoform switching during cell differentiation}},
  author={Trapnell, Cole and Williams, Brian A and Pertea, Geo and Mortazavi, Ali and Kwan, Gordon and Van Baren, Marijke J and Salzberg, Steven L and Wold, Barbara J and Pachter, Lior},
  journal={{Nature Biotechnology}},
  volume={28},
  number={5},
  pages={511--515},
  year={2010},
  publisher={{Nature Publishing Group}}
}

@article{Patro2017Salmon,
  doi = {10.1038/nmeth.4197},
  year  = {2017},
  month = {mar},
  publisher = {{Springer Nature}},
  volume = {14},
  number = {4},
  pages = {417--419},
  author = {Rob Patro and Geet Duggal and Michael I Love and Rafael A Irizarry and Carl Kingsford},
  title = {Salmon provides fast and bias-aware quantification of transcript expression},
  journal = {{Nature Methods}}
}

@article{Bray2016Kallisto,
  title={{Near-optimal probabilistic RNA-seq quantification}},
  author={Bray, Nicolas L and Pimentel, Harold and Melsted, P{\'a}ll and Pachter, Lior},
  journal={{Nature Biotechnology}},
  volume={34},
  number={5},
  pages={525--527},
  year={2016},
  publisher={Nature Publishing Group}
}

@article{Li2013Aligning,
  title={{Aligning sequence reads, clone sequences and assembly contigs with BWA-MEM}},
  author={Li, Heng},
  journal={arXiv preprint arXiv:1303.3997},
  year={2013}
}

@article{Li2012Exploring,
  title={{Exploring single-sample SNP and INDEL calling with whole-genome \emph{de novo} assembly}},
  author={Li, Heng},
  journal={Bioinformatics},
  volume={28},
  number={14},
  pages={1838--1844},
  year={2012},
  publisher={Oxford Univ Press}
}

@article{Kim2015Hisat,
  title={{HISAT: a fast spliced aligner with low memory requirements}},
  author={Kim, Daehwan and Langmead, Ben and Salzberg, Steven L},
  journal={Nature Methods},
  volume={12},
  number={4},
  pages={357--360},
  year={2015},
  publisher={Nature Publishing Group}
}
@article{Dobin2013Star,
  title={{STAR: ultrafast universal RNA-seq aligner}},
  author={Dobin, Alexander and Davis, Carrie A and Schlesinger, Felix and Drenkow, Jorg and Zaleski, Chris and Jha, Sonali and Batut, Philippe and Chaisson, Mark and Gingeras, Thomas R},
  journal={Bioinformatics},
  volume={29},
  number={1},
  pages={15--21},
  year={2013},
  publisher={Oxford Univ Press}
}
@article{isoem,
  title={{Estimation of alternative splicing isoform frequencies from RNA-Seq data}},
  author={Nicolae, Marius and Mangul, Serghei and M{\u{a}}ndoiu, Ion I and Zelikovsky, Alex},
  journal={{Algorithms for Molecular Biology}},
  volume={6},
  number={1},
  pages={1},
  year={2011},
  publisher={{BioMed Central}}
}
@article{rsembmc,
  title={{RSEM: accurate transcript quantification from RNA-Seq data with or without a reference genome}},
  author={Li, Bo and Dewey, Colin N},
  journal={{BMC Bioinformatics}},
  volume={12},
  number={1},
  pages={1},
  year={2011},
  publisher={BioMed Central}
}

@article{Patro2014Sailfish,
  title={{Sailfish enables alignment-free isoform quantification from RNA-seq reads using lightweight algorithms}},
  author={Patro, Rob and Mount, Stephen M and Kingsford, Carl},
  journal={Nature Biotechnology},
  volume={32},
  number={5},
  pages={462--464},
  year={2014},
  publisher={Nature Publishing Group}
}

@article{Li2010RSEM,
  title={{RNA-Seq gene expression estimation with read mapping uncertainty}},
  author={Li, Bo and Ruotti, Victor and Stewart, Ron M and Thomson, James A and Dewey, Colin N},
  journal={Bioinformatics},
  volume={26},
  number={4},
  pages={493--500},
  year={2010},
  publisher={Oxford Univ Press}
}

@article{tigar2,
  title={{TIGAR2: sensitive and accurate estimation of transcript isoform expression with longer RNA-Seq readsonline}},
  author={Nariai, Naoki and Kojima, Kaname and Mimori, Takahiro and Sato, Yukuto and Kawai, Yosuke and Yamaguchi-Kabata, Yumi and Nagasaki, Masao},
  journal={BMC Genomics},
  volume={15},
  number={Suppl 10},
  pages={S5},
  year={2014},
  publisher={BioMed Central Ltd}
}

@inproceedings{Recht2011Hogwild,
  title={{Hogwild!: A lock-free approach to parallelizing stochastic gradient descent}},
  author={Recht, Benjamin and Re, Christopher and Wright, Stephen and Niu, Feng},
  booktitle={{Advances in Neural Information Processing Systems}},
  pages={693--701},
  year={2011}
}

@article{bitseqvb,
  title={{Fast and accurate approximate inference of transcript expression from RNA-seq data}},
  author={Hensman, James and Papastamoulis, Panagiotis and Glaus, Peter and Honkela, Antti and Rattray, Magnus},
  journal={Bioinformatics},
  volume={31},
  number={24},
  pages={3881--3889},
  year={2015},
  publisher={Oxford Univ Press}
}

@misc{travisci,
  author = {{Travis CI team}},
  title = {{Travis CI}},
  howpublished = "\url{https://travis-ci.org}",
  year = {2016}, 
  note = "[Online; accessed 5-Dec-2016]"
}

@misc{bioconda,
  author={{Bioconda team}},
  title={{Bioconda}},
  howpublished="\url{https://bioconda.github.io/}",
  year = {2016},
  note = "[Online; accessed 5-Dec-2016]"
}

@misc{droneci,
  author = {Drone team},
  title = {{Dravis CI}},
  howpublished = "\url{https://github.com/drone/drone}",
  year = {2016}, 
  note = "[online; accessed 5-dec-2016]"
}

@article{docker,
 author = {Merkel, Dirk},
 title = {Docker: Lightweight Linux Containers for Consistent Development and Deployment},
 journal = {Linux J.},
 issue_date = {March 2014},
 volume = {2014},
 number = {239},
 month = mar,
 year = {2014},
 issn = {1075-3583},
 articleno = {2},
 url = {http://dl.acm.org/citation.cfm?id=2600239.2600241},
 acmid = {2600241},
 publisher = {Belltown Media},
 address = {Houston, TX},
} 

@article{Roberts2013Express,
  title={{Streaming fragment assignment for real-time analysis of sequencing experiments}},
  author={Roberts, Adam and Pachter, Lior},
  journal={{Nature Methods}},
  volume={10},
  number={1},
  pages={71--73},
  year={2013},
  publisher={Nature Publishing Group}
}

@article{Love2016Modeling,
  title={{Modeling of RNA-seq fragment sequence bias reduces systematic errors in transcript abundance estimation}},
  author={Love, Michael I and Hogenesch, John B and Irizarry, Rafael A},
  journal={{Nature Biotechnology}},
  year={2016},
  volume={AOP}
}

@article{Roberts2011Improving,
  title={{Improving RNA-Seq expression estimates by correcting for fragment bias}},
  author={Roberts, Adam and Trapnell, Cole and Donaghey, Julie and Rinn, John L and Pachter, Lior and others},
  journal={Genome Biology},
  volume={12},
  number={3},
  pages={R22},
  year={2011}
}

@article{Zhang2014RNASkim,
  title={{RNA-Skim: a rapid method for RNA-Seq quantification at transcript level}},
  author={Zhang, Zhaojun and Wang, Wei},
  journal={Bioinformatics},
  volume={30},
  number={12},
  pages={i283--i292},
  year={2014},
  publisher={Oxford Univ Press}
}


@inproceedings{Foulds2013SCVB0,
  title={{Stochastic collapsed variational Bayesian inference for latent Dirichlet allocation}},
  author={Foulds, James and Boyles, Levi and DuBois, Christopher and Smyth, Padhraic and Welling, Max},
  booktitle={{Proceedings of the 19th ACM SIGKDD International Conference on Knowledge Discovery and Data Mining}},
  pages={446--454},
  year={2013},
  organization={ACM}
}

@book{Bishop2006PRML,
  title={{Pattern Recognition and Machine Learning}},
  author={Bishop, Christopher M and others},
  volume={4},
  number={4},
  year={2006},
  publisher={Springer, New York}
}

@article{Hoadley2014Multiplatform,
  title={{Multiplatform analysis of 12 cancer types reveals molecular classification within and across tissues of origin}},
  author={Hoadley, Katherine A and Yau, Christina and Wolf, Denise M and Cherniack, Andrew D and Tamborero, David and Ng, Sam and Leiserson, Max DM and Niu, Beifang and McLellan, Michael D and Uzunangelov, Vladislav and others},
  journal={Cell},
  volume={158},
  number={4},
  pages={929--944},
  year={2014},
  publisher={Elsevier}
}

@article{Li2014Comparison,
  title={{Comparison of \emph{D. melanogaster} and \emph{C. elegans} developmental stages, tissues, and cells by modENCODE RNA-seq data}},
  author={Li, Jingyi Jessica and Huang, Haiyan and Bickel, Peter J and Brenner, Steven E},
  journal={Genome Research},
  volume={24},
  number={7},
  pages={1086--1101},
  year={2014},
  publisher={Cold Spring Harbor Lab}
}

@article{Kodama2012Sequence,
  title={{The Sequence Read Archive: explosive growth of sequencing data}},
  author={Kodama, Yuichi and Shumway, Martin and Leinonen, Rasko},
  journal={Nucleic Acids Research},
  volume={40},
  number={D1},
  pages={D54--D56},
  year={2012},
  publisher={Oxford Univ Press}
}

@article{Weinstein2013Cancer,
  title={{The cancer genome atlas pan-cancer analysis project}},
  author={Weinstein, John N and Collisson, Eric A and Mills, Gordon B and Shaw, Kenna R Mills and Ozenberger, Brad A and Ellrott, Kyle and Shmulevich, Ilya and Sander, Chris and Stuart, Joshua M and Cancer Genome Atlas Research Network and others},
  journal={Nature Genetics},
  volume={45},
  number={10},
  pages={1113--1120},
  year={2013},
  publisher={Nature Publishing Group}
}

@article{Moran2012Human,
  title={{Human $\beta$ cell transcriptome analysis uncovers lncRNAs that are tissue-specific, dynamically regulated, and abnormally expressed in type 2 diabetes}},
  author={Mor{\'a}n, Ignasi and Akerman, {\.I}ldem and van de Bunt, Martijn and Xie, Ruiyu and Benazra, Marion and Nammo, Takao and Arnes, Luis and Naki{\'c}, Nikolina and Garc{\'\i}a-Hurtado, Javier and Rodr{\'\i}guez-Segu{\'\i}, Santiago and others},
  journal={Cell Metabolism},
  volume={16},
  number={4},
  pages={435--448},
  year={2012},
  publisher={Elsevier}
}

@article{SEQC2014,
  title={{A comprehensive assessment of RNA-seq accuracy, reproducibility and information content by the Sequencing Quality Control Consortium}},
  author={SEQC/MAQC-III Consortium and others},
  journal={Nature Biotechnology},
  volume={32},
  number={9},
  pages={903--914},
  year={2014},
  publisher={Nature Publishing Group}
}

@article{tHoen2013,
  title={{Reproducibility of high-throughput mRNA and small RNA sequencing across laboratories}},
  author={'t Hoen, Peter A. C. and Friedl{\"a}nder, Marc R and Alml{\"o}f, Jonas and Sammeth, Michael and Pulyakhina, Irina and Anvar, Seyed Yahya and Laros, Jeroen FJ and Buermans, Henk PJ and Karlberg, Olof and Br{\"a}nnvall, Mathias and others},
  journal={{Nature Biotechnology}},
  volume={31},
  number={11},
  pages={1015--1022},
  year={2013},
  publisher={Nature Publishing Group}
}

@article{yates2015ensembl,
  title={Ensembl 2016},
  author={Yates, Andrew and Akanni, Wasiu and Amode, M Ridwan and Barrell, Daniel and Billis, Konstantinos and Carvalho-Silva, Denise and Cummins, Carla and Clapham, Peter and Fitzgerald, Stephen and Gil, Laurent and others},
  journal={Nucleic acids research},
  pages={gkv1157},
  year={2015},
  publisher={Oxford Univ Press}
}

% This file was created with JabRef 2.3b2.
% Encoding: Cp1252

@ARTICLE{Boffelli03,
  author = {Markus Bauer and Gunnar W Klau and Knut Reinert},
  title = {{Accurate multiple sequence-structure alignment of RNA sequences
    using combinatorial optimization.}},
  journal = {BMC Bioinformatics},
  year = {2007},
  volume = {8},
  pages = {271},
  doi = {10.1186/1471-2105-8-271},
  institution = {Department of Mathematics and Computer Science, Free University Berlin,
    Berlin, Germany. mbauer@inf.fu-berlin.de},
  keywords = {Algorithms; Computer Simulation; Linear Models; Models, Chemical;
    Models, Genetic; RNA; Sensitivity and Specificity; Sequence Alignment;
    Sequence Analysis, RNA; Sequence Homology, Nucleic Acid},
  owner = {binf007},
  pii = {1471-2105-8-271},
  pmid = {17662141},
  timestamp = {2008.01.21},
  url = {http://dx.doi.org/10.1186/1471-2105-8-271}
}

@ARTICLE{Bag01,
  author = {Joachim Friedrich and Thomas Dandekar and Matthias Wolf and Tobias
    Müller},
  title = {{ProfDist: a tool for the construction of large phylogenetic trees
    based on profile distances.}},
  journal = {Bionformatics},
  year = {2005},
  volume = {21},
  pages = {2108--2109},
  number = {9},
  month = {May},
  doi = {10.1093/bioinformatics/bti289},
  institution = {Department of Bioinformatics, Biocenter, University of Würzburg,
    Germany.},
  keywords = {Algorithms; Chromosome Mapping; DNA Mutational Analysis; Gene Expression
    Profiling; Linkage Disequilibrium; Phylogeny; Sequence Alignment;
    Sequence Analysis, DNA; Software; User-Computer Interface},
  owner = {binf007},
  pii = {bti289},
  pmid = {15677706},
  timestamp = {2008.01.21},
  url = {http://dx.doi.org/10.1093/bioinformatics/bti289}
}

@ARTICLE{Gascuel1997,
  author = {O. Gascuel},
  title = {{BIONJ: an improved version of the NJ algorithm based on a simple
    model of sequence data.}},
  journal = {Mol Biol Evol},
  year = {1997},
  volume = {14},
  pages = {685--695},
  number = {7},
  month = {Jul},
  institution = {GERAD, Ecole des HEC, Montreal, Quebec, Canada. gascuel@lirmm.fr},
  keywords = {Algorithms; Evolution; Models, Biological; Phylogeny; Sequence Analysis;
    Software},
  owner = {binf007},
  pmid = {9254330},
  timestamp = {2008.01.21}
}

@ARTICLE{Gerlach2007,
  author = {Daniel Gerlach and Matthias Wolf and Thomas Dandekar and Tobias Müller
    and Andreas Pokorny and Sven Rahmann},
  title = {{Deep metazoan phylogeny.}},
  journal = {In Silico Biol},
  year = {2007},
  volume = {7},
  pages = {151--154},
  number = {2},
  institution = {Department of Bioinformatics, Biocenter, University of Würzburg,
    Am Hubland, D-97074 Würzburg, Germany.},
  keywords = {Algorithms; Animals; Computational Biology; Models, Genetic; Phylogeny;
    RNA, Ribosomal, 18S},
  owner = {binf007},
  pii = {2007070015},
  pmid = {17688440},
  timestamp = {2008.01.21}
}

@ARTICLE{Grajales2007,
  author = {Alejandro Grajales and Catalina Aguilar and Juan A Sánchez},
  title = {Phylogenetic reconstruction using secondary structures of Internal
    Transcribed Spacer 2 (ITS2, rDNA): finding the molecular and morphological
    gap in Caribbean gorgonian corals.},
  journal = {BMC Evol Biol},
  year = {2007},
  volume = {7},
  pages = {90},
  doi = {10.1186/1471-2148-7-90},
  institution = {>},
  keywords = {Animals; Anthozoa; DNA, Ribosomal Spacer; Evolution, Molecular; Genetic
    Speciation; Nucleic Acid Conformation; Phylogeny; RNA, Ribosomal;
    Variation (Genetics)},
  owner = {binf007},
  pii = {1471-2148-7-90},
  pmid = {17562014},
  timestamp = {2008.07.30},
  url = {http://dx.doi.org/10.1186/1471-2148-7-90}
}

@ARTICLE{Hochsmann2004,
  author = {Hochsmann, M. and Hochsmann, M. and Voss, B. and Giegerich, R.},
  title = {{Pure multiple RNA secondary structure alignments: a progressive
    profile approach}},
  journal = {IEEE/ACM Transactions on Computational Biology and Bioinformatics},
  year = {2004},
  volume = {1},
  pages = {53--62},
  number = {1},
  booktitle = {IEEE/ACM Transactions on Computational Biology and Bioinformatics},
  doi = {10.1109/TCBB.2004.11},
  editor = {Voss, B.},
  issn = {1545-5963},
  keywords = {biology computing, macromolecules, molecular biophysics, trees (mathematics),
    forest alignment, functional noncoding RNA structure, progressive
    profile approach, pure multiple RNA secondary structure alignments,
    strings, structure comparison, tree alignment model, tree profile
    representation, 65, Index Terms- Alignment of trees, RNA secondary
    structures, noncoding RNAs.},
  owner = {binf007},
  timestamp = {2008.01.23}
}

@ARTICLE{Hudelot2003,
  author = {Cendrine Hudelot and Vivek Gowri-Shankar and Howsun Jow and Magnus
    Rattray and Paul G Higgs},
  title = {{RNA-based phylogenetic methods: application to mammalian mitochondrial
    RNA sequences.}},
  journal = {Mol Phylogenet Evol},
  year = {2003},
  volume = {28},
  pages = {241--252},
  number = {2},
  month = {Aug},
  institution = {School of Biological Sciences, University of Manchester, UK.},
  keywords = {Animals; Bayes Theorem; Mammals; Models, Genetic; Phylogeny; RNA},
  owner = {binf007},
  pii = {S1055790303000617},
  pmid = {12878461},
  timestamp = {2008.01.21}
}

@ARTICLE{Jow2002,
  author = {H. Jow and C. Hudelot and M. Rattray and P. G. Higgs},
  title = {Bayesian phylogenetics using an RNA substitution model applied to
    early mammalian evolution.},
  journal = {Mol Biol Evol},
  year = {2002},
  volume = {19},
  pages = {1591--1601},
  number = {9},
  month = {Sep},
  institution = {Department of Computer Science, University of Manchester, UK.},
  keywords = {Animals; Base Sequence; Bayes Theorem; Databases, Genetic; Evolution,
    Molecular; Humans; Mammals; Models, Genetic; Phylogeny; RNA; Species
    Specificity},
  owner = {binf007},
  pmid = {12200486},
  timestamp = {2008.06.06}
}

@INCOLLECTION{Jukes69,
  author = {Jukes, T. and Cantor, C.R.},
  title = {Evolution of protein molecules},
  booktitle = {Mammalian Protein Metabolism},
  publisher = {Academic Press},
  year = {1969},
  editor = {Munro, H},
  pages = {21-132},
  address = {New York, USA}
}

@ARTICLE{Mueller2004,
  author = {Tobias Müller and Sven Rahmann and Thomas Dandekar and Matthias Wolf},
  title = {{Accurate and robust phylogeny estimation based on profile distances:
    a study of the Chlorophyceae (Chlorophyta).}},
  journal = {BMC Evol Biol},
  year = {2004},
  volume = {4},
  pages = {20},
  month = {Jun},
  doi = {10.1186/1471-2148-4-20},
  institution = {Department of Bioinformatics, Biocenter, University of Würzburg,
    Am Hubland, D-97074 Würzburg, Germany. tobias.mueller@biozentrum.uni-wuerzburg.de},
  keywords = {Algae, Green; Animals; Computational Biology; Evolution, Molecular;
    Models, Genetic; Phylogeny; RNA, Plant; RNA, Ribosomal; RNA, Ribosomal,
    18S},
  owner = {binf007},
  pii = {1471-2148-4-20},
  pmid = {15222898},
  timestamp = {2008.01.21},
  url = {http://dx.doi.org/10.1186/1471-2148-4-20}
}

@ARTICLE{Mueller2002,
  author = {Tobias Müller and Rainer Spang and Martin Vingron},
  title = {{Estimating amino acid substitution models: a comparison of Dayhoff's
    estimator, the resolvent approach and a maximum likelihood method.}},
  journal = {Mol Biol Evol},
  year = {2002},
  volume = {19},
  pages = {8--13},
  number = {1},
  month = {Jan},
  institution = {Deutsches Krebsforschungszentrum, Theoretische Bioinformatik, Im
    Neuenheimer Feld 280, 69120 Heidelberg, Germany. t.mueller@dkfz.de},
  keywords = {Algorithms; Amino Acid Sequence; Amino Acid Substitution; Computer
    Simulation; Evolution, Molecular; Likelihood Functions; Markov Chains;
    Models, Genetic; Proteins; Sequence Alignment},
  owner = {binf007},
  pmid = {11752185},
  timestamp = {2008.01.25}
}

@ARTICLE{Mueller2000,
  author = {T. Müller and M. Vingron},
  title = {{Modeling amino acid replacement.}},
  journal = {J Comput Biol},
  year = {2000},
  volume = {7},
  pages = {761--776},
  number = {6},
  doi = {10.1089/10665270050514918},
  institution = {Deutsches Krebsforschungszentrum, Theoretische Bioinformatik, 69120
    Heidelberg, Germany. t.mueller/m.vingron},
  keywords = {Amino Acid Substitution; Computer Simulation; Evolution, Molecular;
    Likelihood Functions; Markov Chains; Models, Biological; Proteins;
    Stochastic Processes; Time Factors},
  owner = {binf007},
  pmid = {11382360},
  timestamp = {2008.01.25},
  url = {http://dx.doi.org/10.1089/10665270050514918}
}

@INCOLLECTION{Buch2006,
  author = {Sven Rahmann and Tobias Muller and Thomas Dandekar and Matthias Wolf},
  title = {{Efficient and robust analysis of large phylogenetic datasets}},
  booktitle = {Advanced Data Mining Technologies in Bioinformatics},
  publisher = {Idea Group, Inc.},
  year = {2006},
  editor = {Hui-Huang Hsu},
  pages = {104-117},
  address = {Hershey, PA, USA},
}

@ARTICLE{Saitou1987,
  author = {N. Saitou and M. Nei},
  title = {{The neighbor-joining method: a new method for reconstructing phylogenetic
    trees.}},
  journal = {Mol Biol Evol},
  year = {1987},
  volume = {4},
  pages = {406--425},
  number = {4},
  month = {Jul},
  institution = {Center for Demographic and Population Genetics, University of Texas
    Health Science Center, Houston 77225.},
  keywords = {Animals; Biometry; Evolution; Models, Genetic; Phylogeny; Ranidae},
  owner = {binf007},
  pmid = {3447015},
  timestamp = {2008.01.21}
}

@ARTICLE{Schultz2005,
  author = {Jörg Schultz and Stefanie Maisel and Daniel Gerlach and Tobias Müller
    and Matthias Wolf},
  title = {{A common core of secondary structure of the internal transcribed
    spacer 2 (ITS2) throughout the Eukaryota.}},
  journal = {RNA},
  year = {2005},
  volume = {11},
  pages = {361--364},
  number = {4},
  month = {Apr},
  doi = {10.1261/rna.7204505},
  institution = {entrum.uni-wuerzburg.de},
  keywords = {Algae; Animals; Base Sequence; Conserved Sequence; DNA, Ribosomal
    Spacer; Fungi; Genetic Markers; Invertebrates; Molecular Sequence
    Data; Nucleic Acid Conformation; Phylogeny; Plants; Sequence Alignment;
    Transcription, Genetic},
  owner = {binf007},
  pii = {11/4/361},
  pmid = {15769870},
  timestamp = {2008.01.21},
  url = {http://dx.doi.org/10.1261/rna.7204505}
}

@ARTICLE{Schultz2006,
  author = {Jörg Schultz and Tobias Müller and Marco Achtziger and Philipp N
    Seibel and Thomas Dandekar and Matthias Wolf},
  title = {{The internal transcribed spacer 2 database--a web server for (not
    only) low level phylogenetic analyses.}},
  journal = {Nucleic Acids Res},
  year = {2006},
  volume = {34},
  pages = {W704--W707},
  number = {Web Server issue},
  month = {Jul},
  doi = {10.1093/nar/gkl129},
  institution = {Department of Bioinformatics, Biocenter, University of Würzburg Am
    Hubland, 97074 Würzburg, Germany. Joerg.Schultz@biozentrum.uni-wuerzburg.de},
  keywords = {DNA, Ribosomal Spacer; Databases, Nucleic Acid; Internet; Nucleic
    Acid Conformation; Phylogeny; Sequence Analysis, RNA; Software; User-Computer
    Interface},
  owner = {binf007},
  pii = {34/suppl_2/W704},
  pmid = {16845103},
  timestamp = {2008.01.21},
  url = {http://dx.doi.org/10.1093/nar/gkl129}
}

@ARTICLE{Schoeniger1994,
  author = {M. Schöniger and A. von Haeseler},
  title = {{A stochastic model for the evolution of autocorrelated DNA sequences.}},
  journal = {Mol Phylogenet Evol},
  year = {1994},
  volume = {3},
  pages = {240--247},
  number = {3},
  month = {Sep},
  doi = {10.1006/mpev.1994.1026},
  institution = {Technical University Munich, Germany.},
  keywords = {Animals; DNA; DNA, Mitochondrial; Evolution; Mammals; Markov Chains;
    Mutation; RNA, Bacterial; RNA, Ribosomal, 23S; Species Specificity;
    Stochastic Processes},
  owner = {binf007},
  pii = {S1055-7903(84)71026-8},
  pmid = {7529616},
  timestamp = {2008.01.25},
  url = {http://dx.doi.org/10.1006/mpev.1994.1026}
}

@ARTICLE{Seibel2006,
  author = {Philipp N Seibel and Tobias Müller and Thomas Dandekar and Jörg Schultz
    and Matthias Wolf},
  title = {{4SALE--a tool for synchronous RNA sequence and secondary structure
    alignment and editing.}},
  journal = {BMC Bioinformatics},
  year = {2006},
  volume = {7},
  pages = {498},
  doi = {10.1186/1471-2105-7-498},
  institution = {>},
  keywords = {Algorithms; Base Pairing; Computational Biology; Databases, Genetic;
    Nucleic Acid Conformation; RNA; Sequence Alignment; Sequence Analysis,
    RNA; Software Validation; Time Factors; User-Computer Interface},
  owner = {binf007},
  pii = {1471-2105-7-498},
  pmid = {17101042},
  timestamp = {2008.01.21},
  url = {http://dx.doi.org/10.1186/1471-2105-7-498}
}

@ARTICLE{Selig2008,
  author = {Christian Selig and Matthias Wolf and Tobias Müller and Thomas Dandekar
    and Jörg Schultz},
  title = {{The ITS2 Database II: homology modelling RNA structure for molecular
    systematics.}},
  journal = {Nucleic Acids Res},
  year = {2008},
  volume = {36},
  pages = {D377--D380},
  number = {Database issue},
  month = {Jan},
  doi = {10.1093/nar/gkm827},
  institution = {Department of Bioinformatics, Biocenter, University of Würzburg,
    Am Hubland 97074 Würzburg, Germany.},
  owner = {binf007},
  pii = {gkm827},
  pmid = {17933769},
  timestamp = {2008.01.21},
  url = {http://dx.doi.org/10.1093/nar/gkm827}
}

@ARTICLE{Siebert2005,
  author = {Sven Siebert and Rolf Backofen},
  title = {{MARNA: multiple alignment and consensus structure prediction of
    RNAs based on sequence structure comparisons.}},
  journal = {Bioinformatics},
  year = {2005},
  volume = {21},
  pages = {3352--3359},
  number = {16},
  month = {Aug},
  institution = {Department of Bioinformatics, Institute of Computer Science, Friedrich-Schiller-University
    Jena, Ernst-Abbe Platz 2, 07743 Jena, Germany.},
  keywords = {Algorithms; Computer Simulation; Consensus Sequence; RNA; Sensitivity
    and Specificity; Sequence Alignment; Sequence Analysis, RNA; Sequence
    Homology, Nucleic Acid; Software; Structure-Activity Relationship},
  owner = {binf007},
  pii = {bti550},
  pmid = {15972285},
  timestamp = {2008.01.21},
  url = {http://dx.doi.org/10.1093/bioinformatics/bti550}
}

@ARTICLE{Smith2004,
  author = {Andrew D Smith and Thomas W H Lui and Elisabeth R M Tillier},
  title = {{Empirical models for substitution in ribosomal RNA.}},
  journal = {Mol Biol Evol},
  year = {2004},
  volume = {21},
  pages = {419--427},
  number = {3},
  month = {Mar},
  doi = {10.1093/molbev/msh029},
  institution = {Department of Medical Biophysics, University of Toronto, and Ontario
    Cancer Institute, University Health Network, Toronto, Ontario, Canada.},
  keywords = {Amino Acid Substitution; Animals; Computer Simulation; Databases,
    Nucleic Acid; Evolution, Molecular; Likelihood Functions; Models,
    Genetic; Phylogeny; RNA, Ribosomal; Sequence Alignment},
  owner = {binf007},
  pii = {msh029},
  pmid = {14660689},
  timestamp = {2008.01.21},
  url = {http://dx.doi.org/10.1093/molbev/msh029}
}

@MISC{QT,
  author = {Trolltech},
  title = {http://trolltech.com/products/qt/},
  year = {2008},
  owner = {binf007},
  timestamp = {2008.07.19},
  url = {http://trolltech.com/products/qt/}
}

@ARTICLE{Vanormelingen2007,
  author = {P Vanormelingen and E Hegewald and A Braband and M Kitschke and T
    Friedl and K Sabbe and W Vyverman},
  title = {{The systematics of a small spineless Desmodesmus species, D-costato-granulatus
    (Sphaeropleales, Chlorophyceae), based on ITS2 rDNA sequence analyses
    and cell wall morphology}},
  journal = {Journal of Phyclology},
  year = {2007},
  volume = {43},
  pages = {378-396},
  number = {2},
  month = {APR}
}

@ARTICLE{Wheeler2000,
  author = {D. L. Wheeler and C. Chappey and A. E. Lash and D. D. Leipe and T.
    L. Madden and G. D. Schuler and T. A. Tatusova and B. A. Rapp},
  title = {{Database resources of the National Center for Biotechnology Information.}},
  journal = {Nucleic Acids Res},
  year = {2000},
  volume = {28},
  pages = {10--14},
  number = {1},
  month = {Jan},
  institution = {National Center for Biotechnology Information, National Library of
    Medicine, National Institutes of Health, Building 38A, 8600 Rockville
    Pike, Bethesda, MD 20894, USA.},
  keywords = {Animals; Biology; Databases, Factual; Gene Expression; Genome, Human;
    Humans; Information Storage and Retrieval; Mice; Models, Molecular;
    National Library of Medicine (U.S.); Neoplasms; Phenotype; United
    States},
  owner = {binf007},
  pii = {gkd055},
  pmid = {10592169},
  timestamp = {2008.01.21}
}

@ARTICLE{Wolf2005,
  author = {Matthias Wolf and Marco Achtziger and Jörg Schultz and Thomas Dandekar
    and Tobias Müller},
  title = {{Homology modeling revealed more than 20,000 rRNA internal transcribed
    spacer 2 (ITS2) secondary structures.}},
  journal = {RNA},
  year = {2005},
  volume = {11},
  pages = {1616--1623},
  number = {11},
  month = {Nov},
  doi = {10.1261/rna.2144205},
  institution = {Department of Bioinformatics, University of Würzburg, Biocenter,
    Am Hubland, Germany. matthias.wolf@biozentrum.uni-wuerzburg.de},
  keywords = {Algae; Animals; Base Sequence; DNA, Ribosomal Spacer; Evolution, Molecular;
    Fungi; Models, Molecular; Molecular Sequence Data; Nucleic Acid Conformation;
    RNA, Ribosomal; Sequence Alignment},
  owner = {binf007},
  pii = {11/11/1616},
  pmid = {16244129},
  timestamp = {2008.01.21},
  url = {http://dx.doi.org/10.1261/rna.2144205}
}

@article{revisit,
  title={A revisit of RSEM generative model and its EM algorithm for quantifying transcript abundances},
  author={Vuong, Hy and Truong, Thao and Tran, Thang and Pham, Son},
  journal={bioRxiv},
  pages={503672},
  year={2018},
  publisher={Cold Spring Harbor Laboratory}
}

@misc{SRR10948222,
author       = {PI: Kirsten Fisher},
title        = {Sub-biocrust soil microbial communities from Mojave Desert, California, United States - 8HMS},
howpublished = {Sequence Read Archive (SRA) [Internet]. Bethesda (MD): National Library of Medicine (US), National Center for Biotechnology Information; 2009},
month        = 1,
year         = 2020,
note         = {submitted to JGI at 2019-09-20; Available from: https://www.ncbi.nlm.nih.gov/sra/}
}

@article{wu2020new,
title={A new coronavirus associated with human respiratory disease in China},
author={Wu, Fan and Zhao, Su and Yu, Bin and Chen, Yan-Mei and Wang, Wen and Song, Zhi-Gang and Hu, Yi and Tao, Zhao-Wu and Tian, Jun-Hua and Pei, Yuan-Yuan and others},
journal={Nature},
volume={579},
number={7798},
pages={265--269},
year={2020},
publisher={Nature Publishing Group}
}

@article{baranov2005programmed,
title={Programmed ribosomal frameshifting in decoding the SARS-CoV genome},
author={Baranov, Pavel V and Henderson, Clark M and Anderson, Christine B and Gesteland, Raymond F and Atkins, John F and Howard, Michael T},
journal={Virology},
volume={332},
number={2},
pages={498--510},
year={2005},
publisher={Elsevier}
}

@article{wang2020unique,
title={Unique epidemiological and clinical features of the emerging 2019 novel coronavirus pneumonia (COVID-19) implicate special control measures},
author={Wang, Yixuan and Wang, Yuyi and Chen, Yan and Qin, Qingsong},
journal={Journal of medical virology},
volume={92},
number={6},
pages={568--576},
year={2020},
publisher={Wiley Online Library}
}

@article{zhang2020probable,
title={Probable pangolin origin of SARS-CoV-2 associated with the COVID-19 outbreak},
author={Zhang, Tao and Wu, Qunfu and Zhang, Zhigang},
journal={Current Biology},
year={2020},
publisher={Elsevier}
}

@article{tang2020origin,
title={On the origin and continuing evolution of SARS-CoV-2},
author={Tang, Xiaolu and Wu, Changcheng and Li, Xiang and Song, Yuhe and Yao, Xinmin and Wu, Xinkai and Duan, Yuange and Zhang, Hong and Wang, Yirong and Qian, Zhaohui and others},
journal={National Science Review},
year={2020}
}

@article{ma2014abundant,
title={Abundant rifampin resistance genes and significant correlations of antibiotic resistance genes and plasmids in various environments revealed by metagenomic analysis},
author={Ma, Liping and Li, Bing and Zhang, Tong},
journal={Applied microbiology and biotechnology},
volume={98},
number={11},
pages={5195--5204},
year={2014},
publisher={Springer}
}

@article{Jain2018,
  doi = {10.1089/cmb.2018.0036},
  url = {https://doi.org/10.1089/cmb.2018.0036},
  year = {2018},
  month = jul,
  publisher = {Mary Ann Liebert Inc},
  volume = {25},
  number = {7},
  pages = {766--779},
  author = {Chirag Jain and Alexander Dilthey and Sergey Koren and Srinivas Aluru and Adam M. Phillippy},
  title = {A Fast Approximate Algorithm for Mapping Long Reads to Large Reference Databases},
  journal = {Journal of Computational Biology}
}

@article{10002015global,
  title={A global reference for human genetic variation},
  author={1000 Genomes Project Consortium and others},
  journal={Nature},
  volume={526},
  number={7571},
  pages={68--74},
  year={2015},
  publisher={Nature Publishing Group}
}

@article{frankish2019gencode,
  title={GENCODE reference annotation for the human and mouse genomes},
  author={Frankish, Adam and Diekhans, Mark and Ferreira, Anne-Maud and Johnson, Rory and Jungreis, Irwin and Loveland, Jane and Mudge, Jonathan M and Sisu, Cristina and Wright, James and Armstrong, Joel and others},
  journal={Nucleic acids research},
  volume={47},
  number={D1},
  pages={D766--D773},
  year={2019},
  publisher={Oxford University Press}
}

@article{conway2017upsetr,
  title={UpSetR: an R package for the visualization of intersecting sets and their properties},
  author={Conway, Jake R and Lex, Alexander and Gehlenborg, Nils},
  journal={Bioinformatics},
  volume={33},
  number={18},
  pages={2938--2940},
  year={2017},
  publisher={Oxford University Press}
}

@article{edlib,
  title={{Edlib: a C/C++ library for fast, exact sequence alignment using edit distance}},
  author={{\v{S}}o{\v{s}}i{\'c}, Martin and {\v{S}}iki{\'c}, Mile},
  journal={Bioinformatics},
  volume={33},
  number={9},
  pages={1394--1395},
  year={2017},
  publisher={Oxford University Press}
}

@ARTICLE{suzuki2018introducing,
  title={Introducing difference recurrence relations for faster semi-global alignment of long sequences},
  author={Suzuki, Hajime and Kasahara, Masahiro},
  journal={{BMC Bioinformatics}},
  volume={19},
  number={1},
  pages={45},
  year={2018},
  publisher={{BioMed Central}}
}

@ARTICLE{wu2018limitations,
  author     = {Wu, Douglas C and Yao, Jun and Ho, Kevin S and Lambowitz, Alan M and Wilke, Claus O},
  title      = {Limitations of alignment-free tools in total {RNA-seq} quantification},
  journal    = {BMC Genomics},
  year       = 2018,
  volume     = 19,
  number     = 1,
  pages      = 510,
  publisher  = {BioMed Central},
}

@ARTICLE{direct_comparison,
  author     = {Yi, Lynn and Liu, Lauren and Melsted, P\'all and Pachter, Lior},
  title      = {A direct comparison of genome alignment and transcriptome pseudoalignment},
  journal    = {BioRxiv},
  year       = 2018,
  doi        = {https://doi.org/10.1101/444620},
  publisher  = {Cold Spring Harbor Laboratory},
}

@ARTICLE{liu2018imapsplice,
  author     = {Liu, Xinan and MacLeod, James N and Liu, Jinze},
  title      = {{iMapSplice:} Alleviating reference bias through personalized {RNA-seq} alignment},
  journal    = {PLOS ONE},
  year       = 2018,
  volume     = 13,
  number     = 8,
  pages      = {e0201554},
  publisher  = {Public Library of Science},
}

@ARTICLE{minimap2,
  author     = {Li, Heng},
  title      = {Minimap2: pairwise alignment for nucleotide sequences},
  journal    = {Bioinformatics},
  year       = 2018,
  volume     = 34,
  number     = 18,
  pages      = {3094--3100},
  publisher  = {Oxford University Press},
}

@misc{metasub2016metagenomics,
title={The metagenomics and metadesign of the subways and urban biomes (MetaSUB) international consortium inaugural meeting report},
author={MetaSUB International Consortium and others},
year={2016},
publisher={Springer}
}

@article{gevers2012human,
title={The Human Microbiome Project: a community resource for the healthy human microbiome},
author={Gevers, Dirk and Knight, Rob and Petrosino, Joseph F and Huang, Katherine and McGuire, Amy L and Birren, Bruce W and Nelson, Karen E and White, Owen and Meth{\'e}, Barbara A and Huttenhower, Curtis},
journal={PLoS Biol},
volume={10},
number={8},
pages={e1001377},
year={2012},
publisher={Public Library of Science}
}

@article{federhen2012ncbi,
title={The NCBI taxonomy database},
author={Federhen, Scott},
journal={Nucleic acids research},
volume={40},
number={D1},
pages={D136--D143},
year={2012},
publisher={Oxford University Press}
}

@ARTICLE{polyester,
  title={Polyester: simulating RNA-seq datasets with differential transcript expression},
  author={Frazee, Alyssa C and Jaffe, Andrew E and Langmead, Ben and Leek, Jeffrey T},
  journal={Bioinformatics},
  volume={31},
  number={17},
  pages={2778--2784},
  year={2015},
  publisher={Oxford University Press}
}

@ARTICLE{saha2018false,
  author     = {Saha, Ashis and Battle, Alexis},
  title      = {False positives in {trans-eQTL} and co-expression analyses arising from {RNA}-sequencing alignment errors [version 1; peer review: 3 approved]},
  journal    = {F1000Research},
  year       = 2018,
  volume     = {7:1860},
  publisher  = {Faculty of 1000 Ltd},
}

@inproceedings{selaln,
  author     = {Sarkar, Hirak and Zakeri, Mohsen and Malik, Laraib and Patro, Rob},
  title      = {Towards Selective-Alignment: Bridging the Accuracy Gap Between Alignment-Based and Alignment-Free Transcript Quantification},
  booktitle  = {Proceedings of the 2018 {ACM} International Conference on Bioinformatics, Computational Biology, and Health Informatics},
  year       = 2018,
  pages      = {27--36},
  address    = {Washington DC, USA},
  organization = {ACM},
  url        = {http://doi.acm.org/10.1145/3233547.3233589},
}

@ARTICLE{swimming,
  author     = {Love, Michael I and Soneson, Charlotte and Patro, Rob},
  title      = {Swimming downstream: statistical analysis of differential transcript usage following {Salmon} quantification},
  journal    = {F1000Research},
  year       = 2018,
  volume     = 7,
  publisher  = {Faculty of 1000 Ltd},
}

@ARTICLE{liorsignature,
  author     = {Ntranos, Vasilis and Yi, Lynn and Melsted, Pall and Pachter, Lior},
  title      = {Identification of transcriptional signatures for cell types from single-cell {RNA-Seq}},
  journal    = {BioRxiv},
  year       = 2018,
  pages      = 258566,
  publisher  = {Cold Spring Harbor Laboratory},
}

@ARTICLE{heraem,
  author     = {Vuong, Hy and Truong, Thao and Tran, Thang and Pham, Son},
  title      = {A revisit of {RSEM} generative model and its {EM} algorithm for quantifying transcript abundances},
  journal    = {BioRxiv},
  year       = 2018,
  doi        = {https://doi.org/10.1101/503672},
  publisher  = {Cold Spring Harbor Laboratory},
}

@misc{g2gtools,
  author     = {Vincent, Matt and {Kwangbom ``KB" Choi}},
  title      = {{Churchill-Lab/G2Gtools:} V0.1.31},
  year       = 2017,
  url        = {https://zenodo.org/record/292952},
  doi        = {10.5281/zenodo.292952},
  publisher  = {Zenodo},
}

@inproceedings{fleximer,
  author     = {Ju, Chelsea J-T and Li, Ruirui and Wu, Zhengliang and Jiang, Jyun-Yu and Yang, Zhao and Wang, Wei},
  title      = {Fleximer: Accurate Quantification of {RNA-Seq} via Variable-Length k-mers},
  booktitle  = {Proceedings of the 8th {ACM} International Conference on Bioinformatics, Computational Biology, and Health Informatics},
  year       = 2017,
  pages      = {263--272},
  address    = {Boston, MA, USA},
  organization = {ACM},
  url        = {http://doi.acm.org/10.1145/3107411.3107444},
}

@ARTICLE{matzaraki2017mhc,
  author     = {Matzaraki, Vasiliki and Kumar, Vinod and Wijmenga, Cisca and Zhernakova, Alexandra},
  title      = {The {MHC} locus and genetic susceptibility to autoimmune and infectious diseases},
  journal    = {Genome Biology},
  year       = 2017,
  volume     = 18,
  number     = 1,
  pages      = 76,
  publisher  = {BioMed Central},
}

@ARTICLE{vsovsic2017edlib,
  author     = {{\v{S}}o{\v{s}}i{\'c}, Martin and {\v{S}}iki{\'c}, Mile},
  title      = {Edlib: a {C/C++} library for fast, exact sequence alignment using edit distance},
  journal    = {Bioinformatics},
  year       = 2017,
  volume     = 33,
  number     = 9,
  pages      = {1394--1395},
  publisher  = {Oxford University Press},
}

@ARTICLE{ddfact,
  author     = {Zakeri, Mohsen and Srivastava, Avi and Almodaresi, Fatemeh and Patro, Rob},
  title      = {Improved data-driven likelihood factorizations for transcript abundance estimation},
  journal    = {Bioinformatics},
  year       = 2017,
  volume     = 33,
  number     = 14,
  pages      = {i142--i151},
  publisher  = {Oxford University Press},
}
@ARTICLE{pufferfish,
  title={A space and time-efficient index for the compacted colored de Bruijn graph},
  author={Almodaresi, Fatemeh and Sarkar, Hirak and Srivastava, Avi and Patro, Rob},
  journal={Bioinformatics},
  volume={34},
  number={13},
  pages={i169--i177},
  year={2018},
  publisher={Oxford University Press}
}
@ARTICLE{bwa,
  title={{Fast and accurate short read alignment with Burrows--Wheeler transform}},
  author={Li, Heng and Durbin, Richard},
  journal={Bioinformatics},
  volume={25},
  number={14},
  pages={1754--1760},
  year={2009},
  publisher={Oxford Univ Press}
}
@ARTICLE{salmon,
  author     = {Patro, Rob and Duggal, Geet and Love, Michael I and Irizarry, Rafael A and Kingsford, Carl},
  title      = {Salmon provides fast and bias-aware quantification of transcript expression},
  journal    = {Nature Methods},
  year       = 2017,
  volume     = 14,
  number     = 4,
  pages      = 417,
  publisher  = {Nature Publishing Group},
}

@ARTICLE{tcc,
  author     = {Ntranos, Vasilis and Kamath, Govinda M and Zhang, Jesse M and Pachter, Lior and David, N Tse},
  title      = {Fast and accurate single-cell {RNA-seq} analysis by clustering of transcript-compatibility counts},
  journal    = {Genome Biology},
  year       = 2016,
  volume     = 17,
  number     = 1,
  pages      = 112,
  publisher  = {BioMed Central},
}

@ARTICLE{soneson2015differential,
  author     = {Soneson, Charlotte and Love, Michael I and Robinson, Mark D},
  title      = {Differential analyses for {RNA-seq}: transcript-level estimates improve gene-level inferences [version 2; peer review: 2 approved]},
  journal    = {F1000Research},
  year       = 2016,
  volume     = {4:1521},
  publisher  = {Faculty of 1000 Ltd},
}

@ARTICLE{germain2016rnaonthebench,
  author     = {Germain, Pierre-Luc and Vitriolo, Alessandro and Adamo, Antonio and Laise, Pasquale and Das, Vivek and Testa, Giuseppe},
  title      = {{RNAontheBENCH:} computational and empirical resources for benchmarking {RNAseq} quantification and differential expression methods},
  journal    = {Nucleic Acids Research},
  year       = 2016,
  volume     = 44,
  number     = 11,
  pages      = {5054--5067},
  publisher  = {Oxford University Press},
}

@ARTICLE{rapmap,
  author     = {Srivastava, Avi and Sarkar, Hirak and Gupta, Nitish and Patro, Rob},
  title      = {{RapMap:} a rapid, sensitive and accurate tool for mapping {RNA-seq} reads to transcriptomes},
  journal    = {Bioinformatics},
  year       = 2016,
  volume     = 32,
  number     = 12,
  pages      = {i192--i200},
  publisher  = {Oxford University Press},
}

@ARTICLE{kallisto,
  author     = {Bray, Nicolas L and Pimentel, Harold and Melsted, P{\'a}ll and Pachter, Lior},
  title      = {Near-optimal probabilistic {RNA-seq} quantification},
  journal    = {Nature Biotechnology},
  year       = 2016,
  volume     = 34,
  number     = 5,
  pages      = 525,
  publisher  = {Nature Publishing Group},
}

@ARTICLE{trimgalore,
  author     = {Krueger, Felix},
  title      = {Trim Galore},
  journal    = {A Wrapper Tool Around Cutadapt and FastQC to Consistently Apply Quality and Adapter Trimming to FastQ Files},
  year       = 2015,
  url        = {http://www.bioinformatics.babraham.ac.uk/projects/trim_galore/},
}

@ARTICLE{rutkowski2015widespread,
  author     = {Rutkowski, Andrzej J and Erhard, Florian and L'Hernault, Anne and Bonfert, Thomas and Schilhabel, Markus and Crump, Colin and Rosenstiel, Philip and Efstathiou, Stacey and Zimmer, Ralf and Friedel, Caroline C and others},
  title      = {Widespread disruption of host transcription termination in {HSV-1} infection},
  journal    = {Nature Communications},
  year       = 2015,
  volume     = 6,
  pages      = 7126,
  publisher  = {Nature Publishing Group},
}


@ARTICLE{love2014moderated,
  author     = {Love, Michael I and Huber, Wolfgang and Anders, Simon},
  title      = {Moderated estimation of fold change and dispersion for {RNA-seq} data with {DESeq2}},
  journal    = {Genome Biology},
  year       = 2014,
  volume     = 15,
  number     = 12,
  pages      = 550,
  publisher  = {BioMed Central},
}

@ARTICLE{law2014voom,
  author     = {Law, Charity W and Chen, Yunshun and Shi, Wei and Smyth, Gordon K},
  title      = {voom: Precision weights unlock linear model analysis tools for {RNA-seq} read counts},
  journal    = {Genome Biology},
  year       = 2014,
  volume     = 15,
  number     = 2,
  pages      = {R29},
  publisher  = {BioMed Central},
}

@ARTICLE{rnaskim,
  author     = {Zhang, Zhaojun and Wang, Wei},
  title      = {{RNA-Skim:} a rapid method for {RNA-Seq} quantification at transcript level},
  journal    = {Bioinformatics},
  year       = 2014,
  volume     = 30,
  number     = 12,
  pages      = {i283--i292},
  publisher  = {Oxford University Press},
}

@ARTICLE{sailfish,
  author     = {Patro, Rob and Mount, Stephen M and Kingsford, Carl},
  title      = {Sailfish enables alignment-free isoform quantification from {RNA-seq} reads using lightweight algorithms},
  journal    = {Nature Biotechnology},
  year       = 2014,
  volume     = 32,
  number     = 5,
  pages      = 462,
  publisher  = {Nature Publishing Group},
}

@ARTICLE{munger2014rna,
  author     = {Munger, Steven C and Raghupathy, Narayanan and Choi, Kwangbom and Simons, Allen K and Gatti, Daniel M and Hinerfeld, Douglas A and Svenson, Karen L and Keller, Mark P and Attie, Alan D and Hibbs, Matthew A and others},
  title      = {{RNA-Seq} alignment to individualized genomes improves transcript abundance estimates in multiparent populations},
  journal    = {Genetics},
  year       = 2014,
  volume     = 198,
  number     = 1,
  pages      = {59--73},
  publisher  = {Genetics Soc America},
}

@ARTICLE{star,
  author     = {Dobin, Alexander and Davis, Carrie A and Schlesinger, Felix and Drenkow, Jorg and Zaleski, Chris and Jha, Sonali and Batut, Philippe and Chaisson, Mark and Gingeras, Thomas R},
  title      = {{STAR:} ultrafast universal {RNA-seq} aligner},
  journal    = {Bioinformatics},
  year       = 2013,
  volume     = 29,
  number     = 1,
  pages      = {15--21},
  publisher  = {Oxford University Press},
}

@incollection{cruz2013hla,
  author     = {Cruz-Tapias, Paola and Castiblanco, John and Anaya, Juan-Manuel},
  title      = {{HLA} association with autoimmune diseases},
  booktitle  = {Autoimmunity: From Bench to Bedside [Internet]},
  publisher  = {El Rosario University Press},
  year       = 2013,
}

@ARTICLE{glaus2012identifying,
  title={{Identifying differentially expressed transcripts from RNA-seq data with biological variation}},
  author={Glaus, Peter and Honkela, Antti and Rattray, Magnus},
  journal={Bioinformatics},
  volume={28},
  number={13},
  pages={1721--1728},
  year={2012},
  publisher={{Oxford University Press}}
}

@ARTICLE{hensman2015fast,
  title={{Fast and accurate approximate inference of transcript expression from RNA-seq data}},
  author={Hensman, James and Papastamoulis, Panagiotis and Glaus, Peter and Honkela, Antti and Rattray, Magnus},
  journal={Bioinformatics},
  volume={31},
  number={24},
  pages={3881--3889},
  year={2015},
  publisher={{Oxford University Press}}
}

@ARTICLE{bowtie2,
  author     = {Langmead, Ben and Salzberg, Steven L},
  title      = {Fast gapped-read alignment with {Bowtie 2}},
  journal    = {Nature Methods},
  year       = 2012,
  volume     = 9,
  number     = 4,
  pages      = 357,
  publisher  = {Nature Publishing Group},
}

@article{langmead2010aligning,
  title={Aligning short sequencing reads with Bowtie},
  author={Langmead, Ben},
  journal={Current protocols in bioinformatics},
  volume={32},
  number={1},
  pages={11--7},
  year={2010},
  publisher={Wiley Online Library}
}
@ARTICLE{subread,
  title={The Subread aligner: fast, accurate and scalable read mapping by seed-and-vote},
  author={Liao, Yang and Smyth, Gordon K and Shi, Wei},
  journal={Nucleic acids research},
  volume={41},
  number={10},
  pages={e108--e108},
  year={2013},
  publisher={Oxford University Press}
}
@ARTICLE{mrfast,
  title={Personalized copy number and segmental duplication maps using next-generation sequencing},
  author={Alkan, Can and Kidd, Jeffrey M and Marques-Bonet, Tomas and Aksay, Gozde and Antonacci, Francesca and Hormozdiari, Fereydoun and Kitzman, Jacob O and Baker, Carl and Malig, Maika and Mutlu, Onur and others},
  journal={Nature genetics},
  volume={41},
  number={10},
  pages={1061},
  year={2009},
  publisher={Nature Publishing Group}
}
@ARTICLE{mrsfast,
  title={mrsFAST: a cache-oblivious algorithm for short-read mapping},
  author={Hach, Faraz and Hormozdiari, Fereydoun and Alkan, Can and Hormozdiari, Farhad and Birol, Inanc and Eichler, Evan E and Sahinalp, S Cenk},
  journal={Nature methods},
  volume={7},
  number={8},
  pages={576},
  year={2010},
  publisher={Nature Publishing Group}
}
@ARTICLE{shrimp2,
  title={SHRiMP2: sensitive yet practical short read mapping},
  author={David, Matei and Dzamba, Misko and Lister, Dan and Ilie, Lucian and Brudno, Michael},
  journal={Bioinformatics},
  volume={27},
  number={7},
  pages={1011--1012},
  year={2011},
  publisher={Oxford University Press}
}

@ARTICLE{debga,
  title={deBGA: read alignment with de Bruijn graph-based seed and extension},
  author={Liu, Bo and Guo, Hongzhe and Brudno, Michael and Wang, Yadong},
  journal={Bioinformatics},
  volume={32},
  number={21},
  pages={3224--3232},
  year={2016},
  publisher={Oxford University Press}
}

@ARTICLE{bgreat,
  title={Read mapping on de Bruijn graphs},
  author={Limasset, Antoine and Cazaux, Bastien and Rivals, Eric and Peterlongo, Pierre},
  journal={BMC bioinformatics},
  volume={17},
  number={1},
  pages={237},
  year={2016},
  publisher={BioMed Central}
}

@ARTICLE{brownie,
  title={BrownieAligner: accurate alignment of Illumina sequencing data to de Bruijn graphs},
  author={Heydari, Mahdi and Miclotte, Giles and Van de Peer, Yves and Fostier, Jan},
  journal={BMC bioinformatics},
  volume={19},
  number={1},
  pages={311},
  year={2018},
  publisher={BioMed Central}
}

@inproceedings{rainbowfish,
  title={Rainbowfish: A succinct colored de Bruijn graph representation},
  author={Almodaresi, Fatemeh and Pandey, Prashant and Patro, Rob},
  booktitle={17th International Workshop on Algorithms in Bioinformatics (WABI 2017)},
  year={2017},
  organization={Schloss Dagstuhl-Leibniz-Zentrum fuer Informatik}
}

@ARTICLE{vari,
  title={Succinct colored de Bruijn graphs},
  author={Muggli, Martin D and Bowe, Alexander and Noyes, Noelle R and Morley, Paul S and Belk, Keith E and Raymond, Robert and Gagie, Travis and Puglisi, Simon J and Boucher, Christina},
  journal={Bioinformatics},
  volume={33},
  number={20},
  pages={3181--3187},
  year={2017},
  publisher={Oxford University Press}
}

@ARTICLE{mantis,
  title={Mantis: A fast, small, and exact large-scale sequence-search index},
  author={Pandey, Prashant and Almodaresi, Fatemeh and Bender, Michael A and Ferdman, Michael and Johnson, Rob and Patro, Rob},
  journal={Cell systems},
  volume={7},
  number={2},
  pages={201--207},
  year={2018},
  publisher={Elsevier}
}

@ARTICLE{cortex,
  title={De novo assembly and genotyping of variants using colored de Bruijn graphs},
  author={Iqbal, Zamin and Caccamo, Mario and Turner, Isaac and Flicek, Paul and McVean, Gil},
  journal={Nature genetics},
  volume={44},
  number={2},
  pages={226},
  year={2012},
  publisher={Nature Publishing Group}
}

@ARTICLE{snakemake,
  author     = {K{\"o}ster, Johannes and Rahmann, Sven},
  title      = {Snakemake—a scalable bioinformatics workflow engine},
  journal    = {Bioinformatics},
  year       = 2012,
  volume     = 28,
  number     = 19,
  pages      = {2520--2522},
  publisher  = {Oxford University Press},
}

@ARTICLE{rsem,
  author     = {Li, Bo and Dewey, Colin N},
  title      = {{RSEM:} accurate transcript quantification from {RNA-Seq} data with or without a reference genome},
  journal    = {BMC Bioinformatics},
  year       = 2011,
  volume     = 12,
  number     = 1,
  pages      = 323,
  publisher  = {BioMed Central},
}

@ARTICLE{cutadapt,
  author     = {Martin, Marcel},
  title      = {Cutadapt removes adapter sequences from high-throughput sequencing reads},
  journal    = {EMBnet. Journal},
  year       = 2011,
  volume     = 17,
  number     = 1,
  pages      = {10--12},
}

@ARTICLE{mmseq,
  author     = {Turro, Ernest and Su, Shu-Yi and Gon{\c{c}}alves, {\^A}ngela and Coin, Lachlan JM and Richardson, Sylvia and Lewin, Alex},
  title      = {Haplotype and isoform specific expression estimation using multi-mapping {RNA-seq} reads},
  journal    = {Genome Biology},
  year       = 2011,
  volume     = 12,
  number     = 2,
  pages      = {R13},
  publisher  = {BioMed Central},
}

@ARTICLE{mortazavi,
  author     = {Mortazavi, Ali and Williams, Brian A and McCue, Kenneth and Schaeffer, Lorian and Wold, Barbara},
  title      = {Mapping and quantifying mammalian transcriptomes by {RNA-Seq}},
  journal    = {Nature Methods},
  year       = 2008,
  volume     = 5,
  number     = 7,
  pages      = 621,
  publisher  = {Nature Publishing Group},
}

@ARTICLE{lister,
  author     = {Lister, Ryan and O'Malley, Ronan C and Tonti-Filippini, Julian and Gregory, Brian D and Berry, Charles C and Millar, A Harvey and Ecker, Joseph R},
  title      = {Highly integrated single-base resolution maps of the epigenome in {A}rabidopsis},
  journal    = {Cell},
  year       = 2008,
  volume     = 133,
  number     = 3,
  pages      = {523--536},
  publisher  = {Elsevier},
}

@ARTICLE{nagalakshmi,
  author     = {Nagalakshmi, Ugrappa and Wang, Zhong and Waern, Karl and Shou, Chong and Raha, Debasish and Gerstein, Mark and Snyder, Michael},
  title      = {The transcriptional landscape of the yeast genome defined by {RNA} sequencing},
  journal    = {Science},
  year       = 2008,
  volume     = 320,
  number     = 5881,
  pages      = {1344--1349},
  publisher  = {American Association for the Advancement of Science},
}

@ARTICLE{ncbi,
  author     = {Edgar, Ron and Domrachev, Michael and Lash, Alex E},
  title      = {Gene Expression Omnibus: {NCBI} gene expression and hybridization array data repository},
  journal    = {Nucleic Acids Research},
  year       = 2002,
  volume     = 30,
  number     = 1,
  pages      = {207--210},
  publisher  = {Oxford University Press},
}

@ARTICLE{hwang1990dna,
  author     = {Hwang, Charles BC and Shillitoe, Edward J},
  title      = {{DNA} sequence of mutations induced in cells by herpes simplex virus type-1},
  journal    = {Virology},
  year       = 1990,
  volume     = 178,
  number     = 1,
  pages      = {180--188},
  publisher  = {Elsevier},
}

@misc{rsem_manual,
  title      = {{RSEM} manual},
  howpublished = {{\url{https://deweylab.github.io/RSEM/}}},
  note       = {Accessed: 2019-04-09},
}

@ARTICLE{zhang2017evaluation,
  title={{Evaluation and comparison of computational tools for RNA-seq isoform quantification}},
  author={Zhang, Chi and Zhang, Baohong and Lin, Lih-Ling and Zhao, Shanrong},
  journal={{BMC Genomics}},
  volume={18},
  number={1},
  pages={583},
  year={2017},
  publisher={{BioMed Central}}
}

@ARTICLE{kanitz2015comparative,
  title={{Comparative assessment of methods for the computational inference of transcript isoform abundance from RNA-seq data}},
  author={Kanitz, Alexander and Gypas, Foivos and Gruber, Andreas J and Gruber, Andreas R and Martin, Georges and Zavolan, Mihaela},
  journal={Genome Biology},
  volume={16},
  number={1},
  pages={150},
  year={2015},
  publisher={{BioMed Central}}
}

@settings{label,
}

@article{chen2018fastp,
  title={fastp: an ultra-fast all-in-one FASTQ preprocessor},
  author={Chen, Shifu and Zhou, Yanqing and Chen, Yaru and Gu, Jia},
  journal={Bioinformatics},
  volume={34},
  number={17},
  pages={i884--i890},
  year={2018},
  publisher={Oxford University Press}
}

@article{holtgrewe2010mason,
  title={Mason: a read simulator for second generation sequencing data},
  author={Holtgrewe, Manuel},
  journal={Freie Universität Berlin},
  year={2010}
}

@article{srivastava2019alignment,
  title={Alignment and mapping methodology influence transcript abundance estimation},
  author={Srivastava, Avi and Malik, Laraib and Sarkar, Hirak and Zakeri, Mohsen and Almodaresi, Fatemeh and Soneson, Charlotte and Love, Michael I and Kingsford, Carl and Patro, Rob},
  journal={BioRxiv},
  pages={657874},
  year={2019},
  publisher={Cold Spring Harbor Laboratory}
}

@article{hisat2,
  title={Graph-based genome alignment and genotyping with HISAT2 and HISAT-genotype},
  author={Kim, Daehwan and Paggi, Joseph M and Park, Chanhee and Bennett, Christopher and Salzberg, Steven L},
  journal={Nature biotechnology},
  volume={37},
  number={8},
  pages={907--915},
  year={2019},
  publisher={Nature Publishing Group}
}

@article{hisat,
  title={HISAT: a fast spliced aligner with low memory requirements},
  author={Kim, Daehwan and Langmead, Ben and Salzberg, Steven L},
  journal={Nature methods},
  volume={12},
  number={4},
  pages={357--360},
  year={2015},
  publisher={Nature Publishing Group}
}

@article{lu2017bracken,
  title={Bracken: estimating species abundance in metagenomics data},
  author={Lu, Jennifer and Breitwieser, Florian P and Thielen, Peter and Salzberg, Steven L},
  journal={PeerJ Computer Science},
  volume={3},
  pages={e104},
  year={2017},
  publisher={PeerJ Inc.}
}

@article{reppell2018using,
  title={Using pseudoalignment and base quality to accurately quantify microbial community composition},
  author={Reppell, Mark and Novembre, John},
  journal={PLoS computational biology},
  volume={14},
  number={4},
  pages={e1006096},
  year={2018},
  publisher={Public Library of Science}
}

@article{lonsdale2013genotype,
  title={The genotype-tissue expression (GTEx) project},
  author={Lonsdale, John and Thomas, Jeffrey and Salvatore, Mike and Phillips, Rebecca and Lo, Edmund and Shad, Saboor and Hasz, Richard and Walters, Gary and Garcia, Fernando and Young, Nancy and others},
  journal={Nature genetics},
  volume={45},
  number={6},
  pages={580},
  year={2013},
  publisher={Nature Publishing Group}
}

@article{scclustering,
author = {Duò, Angelo and Robinson, Mark and Soneson, Charlotte},
year = {2018},
month = {07},
pages = {1141},
title = {A systematic performance evaluation of clustering methods for single-cell RNA-seq data},
volume = {7},
journal = {F1000Research},
doi = {10.12688/f1000research.15666.1}
}

@article{srivastava2019alevin,
  title={Alevin efficiently estimates accurate gene abundances from dscRNA-seq data},
  author={Srivastava, Avi and Malik, Laraib and Smith, Tom and Sudbery, Ian and Patro, Rob},
  journal={Genome biology},
  volume={20},
  number={1},
  pages={1--16},
  year={2019},
  publisher={BioMed Central}
}

@article{almodaresi2021puffaligner,
  title={Puffaligner: A Fast, Efficient, and Accurate Aligner Based on the Pufferfish Index},
  author={Almodaresi, Fatemeh and Zakeri, Mohsen and Patro, Rob},
  journal={Bioinformatics},
  year={2021}
}

@article{ma2019detecting,
  title={Detecting, Categorizing, and Correcting Coverage Anomalies of RNA-Seq Quantification},
  author={Ma, Cong and Kingsford, Carl},
  journal={Cell Systems},
  volume={9},
  number={6},
  pages={589--599},
  year={2019},
  publisher={Elsevier}
}

@misc{datasets, title={Single Cell Gene Expression Datasets, https://support.10xgenomics.com/single-cell-gene-expression/datasets}, url={https://support.10xgenomics.com/single-cell-gene-expression/datasets}, journal={Datasets -Single Cell Gene Expression -Official 10x Genomics Support}}

@misc{reback2020pandas,
    author       = {The pandas development team},
    title        = {pandas-dev/pandas: Pandas},
    month        = feb,
    year         = 2020,
    publisher    = {Zenodo},
    version      = {latest},
    doi          = {10.5281/zenodo.3509134},
    url          = {https://doi.org/10.5281/zenodo.3509134}
}

@article{zheng2017massively,
  title={Massively parallel digital transcriptional profiling of single cells},
  author={Zheng, Grace XY and Terry, Jessica M and Belgrader, Phillip and Ryvkin, Paul and Bent, Zachary W and Wilson, Ryan and Ziraldo, Solongo B and Wheeler, Tobias D and McDermott, Geoff P and Zhu, Junjie and others},
  journal={Nature communications},
  volume={8},
  number={1},
  pages={1--12},
  year={2017},
  publisher={Nature Publishing Group}
}

@article{wolf2018scanpy,
  title={SCANPY: large-scale single-cell gene expression data analysis},
  author={Wolf, F Alexander and Angerer, Philipp and Theis, Fabian J},
  journal={Genome biology},
  volume={19},
  number={1},
  pages={15},
  year={2018},
  publisher={BioMed Central}
}